"Area.Code","Cogs","DifferenceBetweenActualandTargetProfit","Date","Inventory.Margin","Margin","Market_size","Market","Marketing","Product_line","Product_type","Product","Profit","Sales","State","Target_cogs","Target_margin","Target_profit","Target_sales","Total_expenses","Type","Log_Profit","Sqrt_Profit","BoxCox_Profit","YeoJohnson_Profit"
303,51,-35,"10/1/2012",503,71,"Major Market","Central",46,"Leaves","Herbal Tea","Lemon",1e-05,122,"Colorado",30,60,30,90,76,"Decaf",9.99995000039884e-06,0.00316227766016838,-3.22792407799438,9.99996225988376e-06
970,52,-24,"10/1/2012",405,71,"Major Market","Central",17,"Leaves","Herbal Tea","Mint",26,123,"Colorado",30,60,50,90,45,"Decaf",3.29583686600433,5.09901951359278,5.52538206968385,5.07222088649086
409,43,-22,"10/2/2012",419,64,"Major Market","South",13,"Leaves","Herbal Tea","Lemon",28,107,"Texas",30,60,50,90,36,"Decaf",3.36729582998647,5.29150262212918,5.72453815488877,5.2339636095422
850,38,-15,"10/3/2012",871,56,"Major Market","East",10,"Leaves","Tea","Darjeeling",35,94,"Florida",40,60,50,100,21,"Regular",3.58351893845611,5.91607978309962,6.35165626414742,5.74099212718134
562,72,6,"10/4/2012",650,110,"Major Market","West",23,"Leaves","Tea","Green Tea",56,182,"California",20,60,50,80,54,"Regular",4.04305126783455,7.48331477354788,7.81821454618752,6.91211959890164
712,0,-29,"10/5/2012",430,43,"Small Market","Central",0,"Beans","Espresso","Decaf Espresso",31,43,"Iowa",0,60,60,60,12,"Decaf",3.46573590279973,5.56776436283002,6.00538449812395,5.46146854042967
860,47,-29,"10/6/2012",375,64,"Small Market","East",15,"Beans","Espresso","Decaf Espresso",21,111,"Connecticut",30,60,50,90,43,"Decaf",3.09104245335832,4.58257569495584,4.97558582846753,4.62407670458834
918,27,-39,"10/7/2012",859,39,"Small Market","South",7,"Beans","Coffee","Decaf Irish Cream",21,66,"Oklahoma",30,60,60,90,18,"Decaf",3.09104245335832,4.58257569495584,4.97558582846753,4.62407670458834
775,31,-43,"10/8/2012",1000,37,"Small Market","West",9,"Beans","Coffee","Decaf Irish Cream",7,68,"Nevada",30,60,50,90,30,"Decaf",2.07944154167984,2.64575131106459,2.64263320840332,2.71241120422866
435,40,-23,"10/9/2012",881,59,"Small Market","West",11,"Beans","Espresso","Decaf Espresso",37,99,"Utah",20,60,60,80,22,"Decaf",3.63758615972639,6.08276253029822,6.51446763308446,5.8720332510247
603,49,-27,"10/10/2012",310,71,"Small Market","East",15,"Beans","Coffee","Amaretto",33,120,"New Hampshire",30,60,60,90,38,"Regular",3.52636052461616,5.74456264653803,6.18219544910834,5.60433503985148
603,45,-26,"10/11/2012",447,69,"Small Market","East",14,"Beans","Coffee","Colombian",24,114,"New Hampshire",30,60,50,90,45,"Regular",3.2188758248682,4.89897948556636,5.31519311320155,4.90116517042541
603,45,-37,"10/12/2012",320,64,"Small Market","East",41,"Beans","Espresso","Caffe Mocha",1e-05,109,"New Hampshire",30,60,30,90,71,"Regular",9.99995000039884e-06,0.00316227766016838,-3.22792407799438,9.99996225988376e-06
318,60,-9,"10/13/2012",-762,84,"Small Market","South",54,"Beans","Espresso","Caffe Latte",1,144,"Louisiana",30,60,10,90,83,"Regular",0.693147180559945,1,0,0.7555321818971
775,34,-32,"10/14/2012",240,43,"Small Market","West",12,"Beans","Coffee","Colombian",1e-05,77,"Nevada",40,60,30,100,45,"Regular",9.99995000039884e-06,0.00316227766016838,-3.22792407799438,9.99996225988376e-06
503,54,-28,"10/15/2012",404,66,"Small Market","West",20,"Beans","Espresso","Caffe Latte",12,120,"Oregon",40,60,40,100,54,"Regular",2.56494935746154,3.46410161513775,3.6914529978149,3.57089490862785
573,45,-36,"10/16/2012",320,64,"Small Market","Central",41,"Leaves","Herbal Tea","Chamomile",1e-05,109,"Missouri",20,60,30,80,70,"Decaf",9.99995000039884e-06,0.00316227766016838,-3.22792407799438,9.99996225988376e-06
262,48,-15,"10/17/2012",851,70,"Small Market","Central",13,"Leaves","Herbal Tea","Lemon",45,118,"Wisconsin",30,60,60,90,25,"Decaf",3.8286413964891,6.70820393249937,7.11008077908889,6.34925473862917
801,49,-27,"10/18/2012",310,71,"Small Market","West",15,"Leaves","Herbal Tea","Chamomile",33,120,"Utah",30,60,60,90,38,"Decaf",3.52636052461616,5.74456264653803,6.18219544910834,5.60433503985148
425,48,-13,"10/19/2012",829,71,"Small Market","West",13,"Leaves","Herbal Tea","Lemon",47,119,"Washington",30,60,60,90,24,"Decaf",3.87120101090789,6.85565460040104,7.24721322674887,6.45864011136703
860,40,-14,"10/20/2012",881,59,"Small Market","East",11,"Leaves","Tea","Darjeeling",36,99,"Connecticut",40,60,50,100,23,"Regular",3.61091791264422,6,6.43385350527841,5.8071810955365
971,82,14,"10/21/2012",788,123,"Small Market","West",27,"Leaves","Tea","Earl Grey",64,205,"Oregon",30,60,50,90,59,"Regular",4.17438726989564,8,8.27400751061499,7.27180293212449
971,91,26,"10/22/2012",656,127,"Small Market","West",28,"Leaves","Tea","Green Tea",76,218,"Oregon",40,60,50,100,51,"Regular",4.34380542185368,8.71779788708135,8.88811913258737,7.75322041051975
915,40,-14,"10/23/2012",536,52,"Major Market","South",13,"Beans","Coffee","Decaf Irish Cream",26,92,"Texas",40,60,40,100,26,"Decaf",3.29583686600433,5.09901951359278,5.52538206968385,5.07222088649086
210,50,8,"10/24/2012",589,73,"Major Market","South",14,"Beans","Espresso","Decaf Espresso",48,123,"Texas",30,60,40,90,25,"Decaf",3.89182029811063,6.92820323027551,7.31425168498385,6.51204702917976
970,40,-13,"10/25/2012",536,52,"Major Market","Central",13,"Beans","Coffee","Colombian",27,92,"Colorado",30,60,40,90,25,"Regular",3.3322045101752,5.19615242270663,5.62625126507429,5.15418254444888
774,52,-8,"10/26/2012",554,68,"Major Market","East",47,"Beans","Espresso","Caffe Mocha",1e-05,120,"Massachusetts",50,60,0,110,76,"Regular",9.99995000039884e-06,0.00316227766016838,-3.22792407799438,9.99996225988376e-06
954,75,14,"10/27/2012",1063,89,"Major Market","East",23,"Leaves","Herbal Tea","Mint",44,164,"Florida",50,60,30,110,45,"Decaf",3.80666248977032,6.6332495807108,7.03990958496152,6.29321062450087
936,46,1,"10/28/2012",424,68,"Major Market","South",14,"Leaves","Herbal Tea","Lemon",31,114,"Texas",40,60,30,100,37,"Decaf",3.46573590279973,5.56776436283002,6.00538449812395,5.46146854042967
719,55,-5,"10/29/2012",410,69,"Major Market","Central",20,"Leaves","Tea","Darjeeling",15,124,"Colorado",40,60,20,100,54,"Regular",2.77258872223978,3.87298334620742,4.17781126947552,3.97041716289268
847,50,8,"10/30/2012",589,73,"Major Market","Central",14,"Leaves","Tea","Darjeeling",48,123,"Illinois",40,60,40,100,25,"Regular",3.89182029811063,6.92820323027551,7.31425168498385,6.51204702917976
719,57,-1,"10/31/2012",1042,68,"Major Market","Central",17,"Leaves","Tea","Earl Grey",29,125,"Colorado",40,60,30,100,39,"Regular",3.40119738166216,5.3851648071345,5.8203976445416,5.31169438026127
339,36,-9,"11/1/2012",862,52,"Major Market","East",10,"Leaves","Tea","Darjeeling",31,88,"Massachusetts",30,60,40,90,21,"Regular",3.46573590279973,5.56776436283002,6.00538449812395,5.46146854042967
314,33,-23,"11/2/2012",836,48,"Small Market","Central",9,"Beans","Espresso","Decaf Espresso",27,81,"Missouri",40,60,50,100,21,"Decaf",3.3322045101752,5.19615242270663,5.62625126507429,5.15418254444888
504,31,-22,"11/3/2012",856,47,"Small Market","South",8,"Beans","Coffee","Decaf Irish Cream",28,78,"Louisiana",30,60,50,90,19,"Decaf",3.36729582998647,5.29150262212918,5.72453815488877,5.2339636095422
580,36,-10,"11/4/2012",862,52,"Small Market","South",10,"Beans","Coffee","Decaf Irish Cream",30,88,"Oklahoma",40,60,40,100,22,"Decaf",3.43398720448515,5.47722557505166,5.91397038224061,5.38749333359726
225,49,4,"11/5/2012",454,71,"Small Market","South",15,"Beans","Espresso","Decaf Espresso",34,120,"Louisiana",30,60,30,90,37,"Decaf",3.55534806148941,5.8309518948453,6.2677982204248,5.67340047857861
262,54,-6,"11/6/2012",391,67,"Small Market","Central",20,"Beans","Coffee","Amaretto",14,121,"Wisconsin",50,60,20,110,53,"Regular",2.70805020110221,3.74165738677394,4.02394448886189,3.84405211016258
603,46,-10,"11/7/2012",316,67,"Small Market","East",14,"Beans","Coffee","Amaretto",30,113,"New Hampshire",40,60,40,100,37,"Regular",3.43398720448515,5.47722557505166,5.91397038224061,5.38749333359726
603,43,-10,"11/8/2012",452,66,"Small Market","East",14,"Beans","Coffee","Colombian",20,109,"New Hampshire",30,60,30,90,46,"Regular",3.04452243772342,4.47213595499958,4.85485350743861,4.52537705589284
603,44,-18,"11/9/2012",325,62,"Small Market","East",40,"Beans","Espresso","Caffe Mocha",1e-05,106,"New Hampshire",40,60,10,100,70,"Regular",9.99995000039884e-06,0.00316227766016838,-3.22792407799438,9.99996225988376e-06
225,53,19,"11/10/2012",321,88,"Small Market","South",16,"Beans","Espresso","Caffe Mocha",49,141,"Louisiana",40,60,30,100,39,"Regular",3.91202300542815,7,7.38031949905347,6.56463747950631
425,54,-7,"11/11/2012",391,67,"Small Market","West",20,"Beans","Espresso","Caffe Mocha",13,121,"Washington",50,60,20,110,54,"Regular",2.63905732961526,3.60555127546399,3.86217948140527,3.71115874981479
918,54,-7,"11/12/2012",391,67,"Small Market","South",20,"Leaves","Herbal Tea","Chamomile",13,121,"Oklahoma",50,60,20,110,54,"Decaf",2.63905732961526,3.60555127546399,3.86217948140527,3.71115874981479
801,46,0,"11/13/2012",316,67,"Small Market","West",14,"Leaves","Herbal Tea","Chamomile",30,113,"Utah",40,60,30,100,37,"Decaf",3.43398720448515,5.47722557505166,5.91397038224061,5.38749333359726
435,43,-10,"11/14/2012",452,66,"Small Market","West",14,"Leaves","Herbal Tea","Lemon",20,109,"Utah",40,60,30,100,46,"Decaf",3.04452243772342,4.47213595499958,4.85485350743861,4.52537705589284
509,47,4,"11/15/2012",834,68,"Small Market","West",13,"Leaves","Herbal Tea","Lemon",44,115,"Washington",40,60,40,100,24,"Decaf",3.80666248977032,6.6332495807108,7.03990958496152,6.29321062450087
203,36,-7,"11/16/2012",809,54,"Small Market","East",10,"Leaves","Tea","Green Tea",33,90,"Connecticut",30,60,40,90,21,"Regular",3.52636052461616,5.74456264653803,6.18219544910834,5.60433503985148
206,61,1,"11/17/2012",613,86,"Small Market","West",55,"Leaves","Tea","Green Tea",1,147,"Washington",40,60,0,100,85,"Regular",0.693147180559945,1,0,0.7555321818971
682,43,-10,"11/18/2012",531,56,"Major Market","South",14,"Beans","Coffee","Decaf Irish Cream",30,99,"Texas",50,60,40,110,26,"Decaf",3.43398720448515,5.47722557505166,5.91397038224061,5.38749333359726
214,54,12,"11/19/2012",601,79,"Major Market","South",15,"Beans","Espresso","Decaf Espresso",52,133,"Texas",40,60,40,100,27,"Decaf",3.97029191355212,7.21110255092798,7.57302464450383,6.71778694300049
970,47,-6,"11/20/2012",521,65,"Major Market","Central",42,"Leaves","Herbal Tea","Lemon",1e-05,112,"Colorado",40,60,0,100,71,"Decaf",9.99995000039884e-06,0.00316227766016838,-3.22792407799438,9.99996225988376e-06
303,54,-1,"11/21/2012",424,73,"Major Market","Central",17,"Leaves","Herbal Tea","Mint",29,127,"Colorado",50,60,30,110,44,"Decaf",3.40119738166216,5.3851648071345,5.8203976445416,5.31169438026127
954,65,3,"11/22/2012",403,80,"Major Market","East",24,"Leaves","Herbal Tea","Lemon",23,145,"Florida",40,60,20,100,57,"Decaf",3.17805383034795,4.79583152331272,5.20547167381938,4.81173477068815
561,80,20,"11/23/2012",1079,96,"Major Market","East",24,"Leaves","Herbal Tea","Mint",50,176,"Florida",60,60,30,120,46,"Decaf",3.93182563272433,7.07106781186548,7.44545010962263,6.61643990582519
469,54,-2,"11/24/2012",424,73,"Major Market","South",17,"Leaves","Herbal Tea","Chamomile",28,127,"Texas",50,60,30,110,45,"Decaf",3.36729582998647,5.29150262212918,5.72453815488877,5.2339636095422
214,41,-6,"11/25/2012",435,60,"Major Market","South",13,"Leaves","Herbal Tea","Lemon",24,101,"Texas",30,60,30,90,36,"Decaf",3.2188758248682,4.89897948556636,5.31519311320155,4.90116517042541
619,54,3,"11/26/2012",601,79,"Major Market","West",15,"Leaves","Tea","Earl Grey",53,133,"California",30,60,50,90,26,"Regular",3.98898404656427,7.28010988928052,7.63552698789731,6.76738124182189
314,31,-23,"11/27/2012",844,46,"Small Market","Central",8,"Beans","Espresso","Decaf Espresso",27,77,"Missouri",30,60,50,90,19,"Decaf",3.3322045101752,5.19615242270663,5.62625126507429,5.15418254444888
225,34,-19,"11/28/2012",863,51,"Small Market","South",9,"Beans","Coffee","Decaf Irish Cream",31,85,"Louisiana",40,60,50,100,20,"Decaf",3.46573590279973,5.56776436283002,6.00538449812395,5.46146854042967
580,33,-22,"11/29/2012",870,49,"Small Market","South",9,"Beans","Coffee","Decaf Irish Cream",28,82,"Oklahoma",30,60,50,90,21,"Decaf",3.36729582998647,5.29150262212918,5.72453815488877,5.2339636095422
603,48,-2,"11/30/2012",462,74,"Small Market","East",15,"Beans","Coffee","Colombian",28,122,"New Hampshire",40,60,30,100,46,"Regular",3.36729582998647,5.29150262212918,5.72453815488877,5.2339636095422
985,55,-3,"12/1/2012",-1053,76,"Small Market","South",49,"Beans","Espresso","Caffe Latte",1e-05,131,"Louisiana",40,60,0,100,79,"Regular",9.99995000039884e-06,0.00316227766016838,-3.22792407799438,9.99996225988376e-06
505,49,-15,"12/2/2012",335,69,"Small Market","South",44,"Beans","Espresso","Caffe Mocha",1e-05,118,"New Mexico",30,60,10,90,74,"Regular",9.99995000039884e-06,0.00316227766016838,-3.22792407799438,9.99996225988376e-06
775,39,-19,"12/3/2012",250,49,"Small Market","West",14,"Beans","Coffee","Colombian",1,88,"Nevada",40,60,20,100,48,"Regular",0.693147180559945,1,0,0.7555321818971
417,49,-5,"12/4/2012",335,69,"Small Market","Central",44,"Leaves","Herbal Tea","Chamomile",1e-05,118,"Missouri",40,60,0,100,74,"Decaf",9.99995000039884e-06,0.00316227766016838,-3.22792407799438,9.99996225988376e-06
920,41,0,"12/5/2012",320,66,"Small Market","Central",12,"Leaves","Herbal Tea","Chamomile",30,107,"Wisconsin",30,60,30,90,36,"Decaf",3.43398720448515,5.47722557505166,5.91397038224061,5.38749333359726
573,92,-4,"12/6/2012",1898,68,"Small Market","Central",28,"Leaves","Herbal Tea","Lemon",16,160,"Missouri",80,60,20,140,52,"Decaf",2.83321334405622,4,4.32465569998023,4.09095419486471
475,68,7,"12/7/2012",619,85,"Small Market","East",25,"Leaves","Herbal Tea","Lemon",27,153,"Connecticut",50,60,20,110,58,"Decaf",3.3322045101752,5.19615242270663,5.62625126507429,5.15418254444888
475,63,-4,"12/8/2012",1075,76,"Small Market","East",19,"Leaves","Herbal Tea","Mint",36,139,"Connecticut",40,60,40,100,40,"Decaf",3.61091791264422,6,6.43385350527841,5.8071810955365
435,92,-3,"12/9/2012",1898,68,"Small Market","West",28,"Leaves","Herbal Tea","Mint",17,160,"Utah",80,60,20,140,51,"Decaf",2.89037175789616,4.12310562561766,4.46520877893817,4.20625232123686
920,55,-3,"12/10/2012",627,76,"Small Market","Central",49,"Leaves","Tea","Earl Grey",1e-05,131,"Wisconsin",40,60,0,100,79,"Regular",9.99995000039884e-06,0.00316227766016838,-3.22792407799438,9.99996225988376e-06
720,51,-37,"12/11/2012",503,71,"Major Market","Central",46,"Leaves","Herbal Tea","Lemon",1e-05,130,"Colorado",30,60,30,90,76,"Decaf",9.99995000039884e-06,0.00316227766016838,-3.22792407799438,9.99996225988376e-06
970,52,-11,"12/12/2012",405,71,"Major Market","Central",17,"Leaves","Herbal Tea","Mint",39,131,"Colorado",30,60,50,90,45,"Decaf",3.68887945411394,6.2449979983984,6.67122975914856,5.99796739707004
430,43,-8,"12/13/2012",419,64,"Major Market","South",13,"Leaves","Herbal Tea","Lemon",42,114,"Texas",30,60,50,90,36,"Decaf",3.76120011569356,6.48074069840786,6.89614607365233,6.17823996880571
561,38,2,"12/14/2012",871,56,"Major Market","East",10,"Leaves","Tea","Darjeeling",52,100,"Florida",40,60,50,100,21,"Regular",3.97029191355212,7.21110255092798,7.57302464450383,6.71778694300049
510,72,33,"12/15/2012",650,110,"Major Market","West",23,"Leaves","Tea","Green Tea",83,194,"California",20,60,50,80,54,"Regular",4.43081679884331,9.1104335791443,9.21546595375243,8.00835417716213
563,0,-14,"12/16/2012",430,43,"Small Market","Central",0,"Beans","Espresso","Decaf Espresso",46,46,"Iowa",0,60,60,60,12,"Decaf",3.85014760171006,6.78232998312527,7.17916874786433,6.40438663695411
203,47,-19,"12/17/2012",375,64,"Small Market","East",15,"Beans","Espresso","Decaf Espresso",31,118,"Connecticut",30,60,50,90,43,"Decaf",3.46573590279973,5.56776436283002,6.00538449812395,5.46146854042967
405,27,-29,"12/18/2012",859,39,"Small Market","South",7,"Beans","Coffee","Decaf Irish Cream",31,70,"Oklahoma",30,60,60,90,18,"Decaf",3.46573590279973,5.56776436283002,6.00538449812395,5.46146854042967
775,31,-40,"12/19/2012",1000,37,"Small Market","West",9,"Beans","Coffee","Decaf Irish Cream",10,72,"Nevada",30,60,50,90,30,"Decaf",2.39789527279837,3.16227766016838,3.31754104989627,3.26390635106194
435,40,-5,"12/20/2012",881,59,"Small Market","West",11,"Beans","Espresso","Decaf Espresso",55,106,"Utah",20,60,60,80,22,"Decaf",4.02535169073515,7.41619848709566,7.75809690902109,6.86452628486549
603,49,-11,"12/21/2012",310,71,"Small Market","East",15,"Beans","Coffee","Amaretto",49,128,"New Hampshire",30,60,60,90,38,"Regular",3.91202300542815,7,7.38031949905347,6.56463747950631
603,45,-14,"12/22/2012",447,69,"Small Market","East",14,"Beans","Coffee","Colombian",36,121,"New Hampshire",30,60,50,90,45,"Regular",3.61091791264422,6,6.43385350527841,5.8071810955365
603,45,-40,"12/23/2012",320,64,"Small Market","East",41,"Beans","Espresso","Caffe Mocha",1e-05,116,"New Hampshire",30,60,30,90,71,"Regular",9.99995000039884e-06,0.00316227766016838,-3.22792407799438,9.99996225988376e-06
504,60,-9,"12/24/2012",-762,84,"Small Market","South",54,"Beans","Espresso","Caffe Latte",1,153,"Louisiana",30,60,10,90,83,"Regular",0.693147180559945,1,0,0.7555321818971
702,34,-33,"12/25/2012",240,43,"Small Market","West",12,"Beans","Coffee","Colombian",1e-05,82,"Nevada",40,60,30,100,45,"Regular",9.99995000039884e-06,0.00316227766016838,-3.22792407799438,9.99996225988376e-06
971,54,-22,"12/26/2012",404,66,"Small Market","West",20,"Beans","Espresso","Caffe Latte",18,128,"Oregon",40,60,40,100,54,"Regular",2.94443897916644,4.24264068711928,4.60008758198814,4.31681223695035
573,45,-39,"12/27/2012",320,64,"Small Market","Central",41,"Leaves","Herbal Tea","Chamomile",1e-05,116,"Missouri",20,60,30,80,70,"Decaf",9.99995000039884e-06,0.00316227766016838,-3.22792407799438,9.99996225988376e-06
262,48,7,"12/28/2012",851,70,"Small Market","Central",13,"Leaves","Herbal Tea","Lemon",67,126,"Wisconsin",30,60,60,90,25,"Decaf",4.21950770517611,8.18535277187245,8.43462673607566,7.39806946385375
801,49,-11,"12/29/2012",310,71,"Small Market","West",15,"Leaves","Herbal Tea","Chamomile",49,128,"Utah",30,60,60,90,38,"Decaf",3.91202300542815,7,7.38031949905347,6.56463747950631
509,48,10,"12/30/2012",829,71,"Small Market","West",13,"Leaves","Herbal Tea","Lemon",70,127,"Washington",30,60,60,90,24,"Decaf",4.26267987704132,8.36660026534076,8.59028750290873,7.52019869092566
475,40,3,"12/31/2012",881,59,"Small Market","East",11,"Leaves","Tea","Darjeeling",53,106,"Connecticut",40,60,50,100,23,"Regular",3.98898404656427,7.28010988928052,7.63552698789731,6.76738124182189
503,82,45,"1/1/2013",788,123,"Small Market","West",27,"Leaves","Tea","Earl Grey",95,218,"Oregon",30,60,50,90,59,"Regular",4.56434819146784,9.74679434480896,9.7342665053767,8.41063442425573
541,91,63,"1/2/2013",656,127,"Small Market","West",28,"Leaves","Tea","Green Tea",113,232,"Oregon",40,60,50,100,51,"Regular",4.7361984483945,10.6301458127346,10.4324927476184,8.94812092017925
936,40,-1,"1/3/2013",536,52,"Major Market","South",13,"Beans","Coffee","Decaf Irish Cream",39,98,"Texas",40,60,40,100,26,"Decaf",3.68887945411394,6.2449979983984,6.67122975914856,5.99796739707004
254,50,31,"1/4/2013",589,73,"Major Market","South",14,"Beans","Espresso","Decaf Espresso",71,131,"Texas",30,60,40,90,25,"Decaf",4.27666611901606,8.42614977317636,8.64113527754987,7.56004225651823
719,40,0,"1/5/2013",536,52,"Major Market","Central",13,"Beans","Coffee","Colombian",40,98,"Colorado",30,60,40,90,25,"Regular",3.71357206670431,6.32455532033676,6.7475071511074,6.05915922675012
339,52,-12,"1/6/2013",554,68,"Major Market","East",47,"Beans","Espresso","Caffe Mocha",1e-05,128,"Massachusetts",50,60,0,110,76,"Regular",9.99995000039884e-06,0.00316227766016838,-3.22792407799438,9.99996225988376e-06
561,75,35,"1/7/2013",1063,89,"Major Market","East",23,"Leaves","Herbal Tea","Mint",65,175,"Florida",50,60,30,110,45,"Decaf",4.18965474202643,8.06225774829855,8.32812197646009,7.31437166239047
806,46,16,"1/8/2013",424,68,"Major Market","South",14,"Leaves","Herbal Tea","Lemon",46,121,"Texas",40,60,30,100,37,"Decaf",3.85014760171006,6.78232998312527,7.17916874786433,6.40438663695411
719,55,2,"1/9/2013",410,69,"Major Market","Central",20,"Leaves","Tea","Darjeeling",22,132,"Colorado",40,60,20,100,54,"Regular",3.13549421592915,4.69041575982343,5.09235808503701,4.71944589803896
708,50,31,"1/10/2013",589,73,"Major Market","Central",14,"Leaves","Tea","Darjeeling",71,131,"Illinois",40,60,40,100,25,"Regular",4.27666611901606,8.42614977317636,8.64113527754987,7.56004225651823
719,57,13,"1/11/2013",1042,68,"Major Market","Central",17,"Leaves","Tea","Earl Grey",43,133,"Colorado",40,60,30,100,39,"Regular",3.78418963391826,6.557438524302,6.96861297165568,6.23621841611432
351,36,6,"1/12/2013",862,52,"Major Market","East",10,"Leaves","Tea","Darjeeling",46,94,"Massachusetts",30,60,40,90,21,"Regular",3.85014760171006,6.78232998312527,7.17916874786433,6.40438663695411
636,33,-10,"1/13/2013",836,48,"Small Market","Central",9,"Beans","Espresso","Decaf Espresso",40,86,"Missouri",40,60,50,100,21,"Decaf",3.71357206670431,6.32455532033676,6.7475071511074,6.05915922675012
504,31,-8,"1/14/2013",856,47,"Small Market","South",8,"Beans","Coffee","Decaf Irish Cream",42,83,"Louisiana",30,60,50,90,19,"Decaf",3.76120011569356,6.48074069840786,6.89614607365233,6.17823996880571
580,36,5,"1/15/2013",862,52,"Small Market","South",10,"Beans","Coffee","Decaf Irish Cream",45,94,"Oklahoma",40,60,40,100,22,"Decaf",3.8286413964891,6.70820393249937,7.11008077908889,6.34925473862917
337,49,20,"1/16/2013",454,71,"Small Market","South",15,"Beans","Espresso","Decaf Espresso",50,128,"Louisiana",30,60,30,90,37,"Decaf",3.93182563272433,7.07106781186548,7.44545010962263,6.61643990582519
262,54,1,"1/17/2013",391,67,"Small Market","Central",20,"Beans","Coffee","Amaretto",21,129,"Wisconsin",50,60,20,110,53,"Regular",3.09104245335832,4.58257569495584,4.97558582846753,4.62407670458834
603,46,5,"1/18/2013",316,67,"Small Market","East",14,"Beans","Coffee","Amaretto",45,120,"New Hampshire",40,60,40,100,37,"Regular",3.8286413964891,6.70820393249937,7.11008077908889,6.34925473862917
603,43,0,"1/19/2013",452,66,"Small Market","East",14,"Beans","Coffee","Colombian",30,116,"New Hampshire",30,60,30,90,46,"Regular",3.43398720448515,5.47722557505166,5.91397038224061,5.38749333359726
603,44,-22,"1/20/2013",325,62,"Small Market","East",40,"Beans","Espresso","Caffe Mocha",1e-05,113,"New Hampshire",40,60,10,100,70,"Regular",9.99995000039884e-06,0.00316227766016838,-3.22792407799438,9.99996225988376e-06
318,53,43,"1/21/2013",321,88,"Small Market","South",16,"Beans","Espresso","Caffe Mocha",73,150,"Louisiana",40,60,30,100,39,"Regular",4.30406509320417,8.54400374531753,8.7413459242933,7.63849272152917
206,54,-1,"1/22/2013",391,67,"Small Market","West",20,"Beans","Espresso","Caffe Mocha",19,129,"Washington",50,60,20,110,54,"Regular",2.99573227355399,4.35889894354067,4.72981827162529,4.42306337524849
580,54,-1,"1/23/2013",391,67,"Small Market","South",20,"Leaves","Herbal Tea","Chamomile",19,129,"Oklahoma",50,60,20,110,54,"Decaf",2.99573227355399,4.35889894354067,4.72981827162529,4.42306337524849
435,46,15,"1/24/2013",316,67,"Small Market","West",14,"Leaves","Herbal Tea","Chamomile",45,120,"Utah",40,60,30,100,37,"Decaf",3.8286413964891,6.70820393249937,7.11008077908889,6.34925473862917
435,43,0,"1/25/2013",452,66,"Small Market","West",14,"Leaves","Herbal Tea","Lemon",30,116,"Utah",40,60,30,100,46,"Decaf",3.43398720448515,5.47722557505166,5.91397038224061,5.38749333359726
253,47,25,"1/26/2013",834,68,"Small Market","West",13,"Leaves","Herbal Tea","Lemon",65,123,"Washington",40,60,40,100,24,"Decaf",4.18965474202643,8.06225774829855,8.32812197646009,7.31437166239047
203,36,9,"1/27/2013",809,54,"Small Market","East",10,"Leaves","Tea","Green Tea",49,96,"Connecticut",30,60,40,90,21,"Regular",3.91202300542815,7,7.38031949905347,6.56463747950631
509,61,1,"1/28/2013",613,86,"Small Market","West",55,"Leaves","Tea","Green Tea",1,157,"Washington",40,60,0,100,85,"Regular",0.693147180559945,1,0,0.7555321818971
956,43,5,"1/29/2013",531,56,"Major Market","South",14,"Beans","Coffee","Decaf Irish Cream",45,106,"Texas",50,60,40,110,26,"Decaf",3.8286413964891,6.70820393249937,7.11008077908889,6.34925473862917
430,54,37,"1/30/2013",601,79,"Major Market","South",15,"Beans","Espresso","Decaf Espresso",77,142,"Texas",40,60,40,100,27,"Decaf",4.35670882668959,8.77496438739212,8.93614118031312,7.79071274357814
719,47,-9,"1/31/2013",521,65,"Major Market","Central",42,"Leaves","Herbal Tea","Lemon",1e-05,119,"Colorado",40,60,0,100,71,"Decaf",9.99995000039884e-06,0.00316227766016838,-3.22792407799438,9.99996225988376e-06
970,54,13,"2/1/2013",424,73,"Major Market","Central",17,"Leaves","Herbal Tea","Mint",43,135,"Colorado",50,60,30,110,44,"Decaf",3.78418963391826,6.557438524302,6.96861297165568,6.23621841611432
305,65,14,"2/2/2013",403,80,"Major Market","East",24,"Leaves","Herbal Tea","Lemon",34,155,"Florida",40,60,20,100,57,"Decaf",3.55534806148941,5.8309518948453,6.2677982204248,5.67340047857861
407,80,44,"2/3/2013",1079,96,"Major Market","East",24,"Leaves","Herbal Tea","Mint",74,188,"Florida",60,60,30,120,46,"Decaf",4.31748811353631,8.60232526704263,8.79073181020461,7.67711912879533
325,54,12,"2/4/2013",424,73,"Major Market","South",17,"Leaves","Herbal Tea","Chamomile",42,135,"Texas",50,60,30,110,45,"Decaf",3.76120011569356,6.48074069840786,6.89614607365233,6.17823996880571
430,41,6,"2/5/2013",435,60,"Major Market","South",13,"Leaves","Herbal Tea","Lemon",36,108,"Texas",30,60,30,90,36,"Decaf",3.61091791264422,6,6.43385350527841,5.8071810955365
408,54,29,"2/6/2013",601,79,"Major Market","West",15,"Leaves","Tea","Earl Grey",79,142,"California",30,60,50,90,26,"Regular",4.38202663467388,8.88819441731559,9.03089089968387,7.86462215736974
816,31,-10,"2/7/2013",844,46,"Small Market","Central",8,"Beans","Espresso","Decaf Espresso",40,82,"Missouri",30,60,50,90,19,"Decaf",3.71357206670431,6.32455532033676,6.7475071511074,6.05915922675012
337,34,-4,"2/8/2013",863,51,"Small Market","South",9,"Beans","Coffee","Decaf Irish Cream",46,91,"Louisiana",40,60,50,100,20,"Decaf",3.85014760171006,6.78232998312527,7.17916874786433,6.40438663695411
918,33,-8,"2/9/2013",870,49,"Small Market","South",9,"Beans","Coffee","Decaf Irish Cream",42,87,"Oklahoma",30,60,50,90,21,"Decaf",3.76120011569356,6.48074069840786,6.89614607365233,6.17823996880571
603,48,12,"2/10/2013",462,74,"Small Market","East",15,"Beans","Coffee","Colombian",42,130,"New Hampshire",40,60,30,100,46,"Regular",3.76120011569356,6.48074069840786,6.89614607365233,6.17823996880571
225,55,-4,"2/11/2013",-1053,76,"Small Market","South",49,"Beans","Espresso","Caffe Latte",1e-05,140,"Louisiana",40,60,0,100,79,"Regular",9.99995000039884e-06,0.00316227766016838,-3.22792407799438,9.99996225988376e-06
505,49,-17,"2/12/2013",335,69,"Small Market","South",44,"Beans","Espresso","Caffe Mocha",1e-05,126,"New Mexico",30,60,10,90,74,"Regular",9.99995000039884e-06,0.00316227766016838,-3.22792407799438,9.99996225988376e-06
702,39,-19,"2/13/2013",250,49,"Small Market","West",14,"Beans","Coffee","Colombian",1,94,"Nevada",40,60,20,100,48,"Regular",0.693147180559945,1,0,0.7555321818971
314,49,-7,"2/14/2013",335,69,"Small Market","Central",44,"Leaves","Herbal Tea","Chamomile",1e-05,126,"Missouri",40,60,0,100,74,"Decaf",9.99995000039884e-06,0.00316227766016838,-3.22792407799438,9.99996225988376e-06
920,41,15,"2/15/2013",320,66,"Small Market","Central",12,"Leaves","Herbal Tea","Chamomile",45,114,"Wisconsin",30,60,30,90,36,"Decaf",3.8286413964891,6.70820393249937,7.11008077908889,6.34925473862917
417,92,4,"2/16/2013",1898,68,"Small Market","Central",28,"Leaves","Herbal Tea","Lemon",24,171,"Missouri",80,60,20,140,52,"Decaf",3.2188758248682,4.89897948556636,5.31519311320155,4.90116517042541
860,68,20,"2/17/2013",619,85,"Small Market","East",25,"Leaves","Herbal Tea","Lemon",40,163,"Connecticut",50,60,20,110,58,"Decaf",3.71357206670431,6.32455532033676,6.7475071511074,6.05915922675012
203,63,13,"2/18/2013",1075,76,"Small Market","East",19,"Leaves","Herbal Tea","Mint",53,148,"Connecticut",40,60,40,100,40,"Decaf",3.98898404656427,7.28010988928052,7.63552698789731,6.76738124182189
435,92,5,"2/19/2013",1898,68,"Small Market","West",28,"Leaves","Herbal Tea","Mint",25,171,"Utah",80,60,20,140,51,"Decaf",3.25809653802148,5,5.42175934801256,4.9879348473056
262,55,-4,"2/20/2013",627,76,"Small Market","Central",49,"Leaves","Tea","Earl Grey",1e-05,140,"Wisconsin",40,60,0,100,79,"Regular",9.99995000039884e-06,0.00316227766016838,-3.22792407799438,9.99996225988376e-06
719,39,-23,"2/21/2013",541,51,"Major Market","Central",12,"Beans","Coffee","Colombian",27,90,"Colorado",30,50,50,80,24,"Regular",3.3322045101752,5.19615242270663,5.62625126507429,5.15418254444888
305,80,8,"2/22/2013",1055,94,"Major Market","East",24,"Leaves","Herbal Tea","Mint",48,174,"Florida",40,50,40,90,46,"Decaf",3.89182029811063,6.92820323027551,7.31425168498385,6.51204702917976
303,54,-17,"2/23/2013",404,66,"Major Market","Central",20,"Leaves","Tea","Darjeeling",13,120,"Colorado",30,50,30,80,53,"Regular",2.63905732961526,3.60555127546399,3.86217948140527,3.71115874981479
303,54,-13,"2/24/2013",1037,64,"Major Market","Central",16,"Leaves","Tea","Earl Grey",27,118,"Colorado",30,50,40,80,37,"Regular",3.3322045101752,5.19615242270663,5.62625126507429,5.15418254444888
508,27,-30,"2/25/2013",859,39,"Major Market","East",7,"Leaves","Tea","Darjeeling",20,66,"Massachusetts",20,50,50,70,19,"Regular",3.04452243772342,4.47213595499958,4.85485350743861,4.52537705589284
209,76,29,"2/26/2013",580,111,"Major Market","West",21,"Leaves","Tea","Earl Grey",79,187,"California",30,50,50,80,32,"Regular",4.38202663467388,8.88819441731559,9.03089089968387,7.86462215736974
715,22,-40,"2/27/2013",573,29,"Small Market","Central",7,"Beans","Espresso","Decaf Espresso",10,51,"Wisconsin",20,50,50,70,19,"Decaf",2.39789527279837,3.16227766016838,3.31754104989627,3.26390635106194
319,23,-32,"2/28/2013",800,35,"Small Market","Central",6,"Beans","Espresso","Caffe Mocha",18,58,"Iowa",20,50,50,70,17,"Regular",2.94443897916644,4.24264068711928,4.60008758198814,4.31681223695035
959,79,4,"3/1/2013",593,98,"Small Market","East",30,"Leaves","Herbal Tea","Lemon",34,177,"Connecticut",40,50,30,90,64,"Decaf",3.55534806148941,5.8309518948453,6.2677982204248,5.67340047857861
860,65,-15,"3/2/2013",1053,77,"Small Market","East",20,"Leaves","Herbal Tea","Mint",35,142,"Connecticut",30,50,50,80,42,"Decaf",3.58351893845611,5.91607978309962,6.35165626414742,5.74099212718134
262,46,-10,"3/3/2013",449,67,"Small Market","Central",14,"Leaves","Tea","Darjeeling",30,113,"Wisconsin",20,50,40,70,37,"Regular",3.43398720448515,5.47722557505166,5.91397038224061,5.38749333359726
715,60,0,"3/4/2013",606,84,"Small Market","Central",54,"Leaves","Tea","Earl Grey",1e-05,144,"Wisconsin",40,50,0,90,84,"Regular",9.99995000039884e-06,0.00316227766016838,-3.22792407799438,9.99996225988376e-06
206,60,17,"3/5/2013",329,99,"Small Market","West",18,"Leaves","Tea","Darjeeling",57,159,"Washington",20,50,40,70,42,"Regular",4.06044301054642,7.54983443527075,7.87758533681649,6.95908678053683
773,40,-3,"3/6/2013",536,52,"Major Market","Central",13,"Leaves","Herbal Tea","Lemon",27,92,"Illinois",30,50,30,80,25,"Decaf",3.3322045101752,5.19615242270663,5.62625126507429,5.15418254444888
614,36,-10,"3/7/2013",862,52,"Major Market","Central",10,"Leaves","Herbal Tea","Lemon",30,88,"Ohio",30,50,40,80,22,"Decaf",3.43398720448515,5.47722557505166,5.91397038224061,5.38749333359726
617,55,-5,"3/8/2013",410,69,"Major Market","East",20,"Leaves","Herbal Tea","Lemon",15,124,"Massachusetts",40,50,20,90,54,"Decaf",2.77258872223978,3.87298334620742,4.17781126947552,3.97041716289268
707,40,-3,"3/9/2013",536,52,"Major Market","West",13,"Leaves","Herbal Tea","Mint",27,92,"California",30,50,30,80,25,"Decaf",3.3322045101752,5.19615242270663,5.62625126507429,5.15418254444888
352,28,-17,"3/10/2013",875,42,"Major Market","East",7,"Leaves","Tea","Darjeeling",23,70,"Florida",20,50,40,70,19,"Regular",3.17805383034795,4.79583152331272,5.20547167381938,4.81173477068815
561,31,-12,"3/11/2013",856,47,"Major Market","East",8,"Leaves","Tea","Green Tea",28,78,"Florida",30,50,40,80,19,"Regular",3.36729582998647,5.29150262212918,5.72453815488877,5.2339636095422
351,32,-11,"3/12/2013",482,48,"Major Market","East",8,"Leaves","Tea","Green Tea",29,80,"Massachusetts",30,50,40,80,19,"Regular",3.40119738166216,5.3851648071345,5.8203976445416,5.31169438026127
650,50,7,"3/13/2013",589,73,"Major Market","West",14,"Leaves","Tea","Earl Grey",47,123,"California",30,50,40,80,26,"Regular",3.87120101090789,6.85565460040104,7.24721322674887,6.45864011136703
712,0,-9,"3/14/2013",387,43,"Small Market","Central",0,"Beans","Espresso","Decaf Espresso",31,43,"Iowa",0,50,40,50,12,"Decaf",3.46573590279973,5.56776436283002,6.00538449812395,5.46146854042967
505,82,-18,"3/15/2013",1804,40,"Small Market","South",25,"Beans","Coffee","Decaf Irish Cream",1e-05,122,"New Mexico",90,50,10,140,48,"Decaf",9.99995000039884e-06,0.00316227766016838,-3.22792407799438,9.99996225988376e-06
515,22,-24,"3/16/2013",802,34,"Small Market","Central",6,"Beans","Espresso","Caffe Mocha",16,56,"Iowa",20,50,40,70,18,"Regular",2.83321334405622,4,4.32465569998023,4.09095419486471
505,44,-7,"3/17/2013",325,62,"Small Market","South",40,"Beans","Espresso","Caffe Mocha",1e-05,106,"New Mexico",30,50,0,80,69,"Regular",9.99995000039884e-06,0.00316227766016838,-3.22792407799438,9.99996225988376e-06
775,33,-14,"3/18/2013",243,41,"Small Market","West",12,"Beans","Coffee","Colombian",1e-05,74,"Nevada",30,50,10,80,45,"Regular",9.99995000039884e-06,0.00316227766016838,-3.22792407799438,9.99996225988376e-06
573,44,-8,"3/19/2013",325,62,"Small Market","Central",40,"Leaves","Herbal Tea","Chamomile",1e-05,106,"Missouri",40,50,0,90,70,"Decaf",9.99995000039884e-06,0.00316227766016838,-3.22792407799438,9.99996225988376e-06
262,31,-13,"3/20/2013",856,47,"Small Market","Central",8,"Leaves","Herbal Tea","Lemon",27,78,"Wisconsin",20,50,40,70,20,"Decaf",3.3322045101752,5.19615242270663,5.62625126507429,5.15418254444888
475,69,8,"3/21/2013",1060,81,"Small Market","East",21,"Leaves","Herbal Tea","Mint",38,150,"Connecticut",50,50,30,100,43,"Decaf",3.66356164612965,6.16441400296898,6.59357071906458,5.93560973163213
262,49,13,"3/22/2013",454,71,"Small Market","Central",15,"Leaves","Tea","Darjeeling",33,120,"Wisconsin",40,50,20,90,38,"Regular",3.52636052461616,5.74456264653803,6.18219544910834,5.60433503985148
206,49,4,"3/23/2013",454,71,"Small Market","West",15,"Leaves","Tea","Earl Grey",34,120,"Washington",30,50,30,80,37,"Regular",3.55534806148941,5.8309518948453,6.2677982204248,5.67340047857861
970,43,-1,"3/24/2013",531,56,"Major Market","Central",14,"Beans","Coffee","Colombian",29,99,"Colorado",40,50,30,90,27,"Regular",3.40119738166216,5.3851648071345,5.8203976445416,5.31169438026127
614,41,4,"3/25/2013",435,60,"Major Market","Central",13,"Beans","Coffee","Colombian",24,101,"Ohio",40,50,20,90,36,"Regular",3.2188758248682,4.89897948556636,5.31519311320155,4.90116517042541
339,47,-10,"3/26/2013",571,52,"Major Market","East",42,"Beans","Espresso","Caffe Mocha",1e-05,99,"Massachusetts",40,50,-10,90,72,"Regular",9.99995000039884e-06,0.00316227766016838,-3.22792407799438,9.99996225988376e-06
773,43,-1,"3/27/2013",531,56,"Major Market","Central",14,"Leaves","Herbal Tea","Lemon",29,99,"Illinois",40,50,30,90,27,"Decaf",3.40119738166216,5.3851648071345,5.8203976445416,5.31169438026127
805,43,-1,"3/28/2013",531,56,"Major Market","West",14,"Leaves","Herbal Tea","Mint",29,99,"California",40,50,30,90,27,"Decaf",3.40119738166216,5.3851648071345,5.8203976445416,5.31169438026127
303,46,-4,"3/29/2013",422,57,"Major Market","Central",17,"Leaves","Tea","Darjeeling",6,103,"Colorado",30,50,10,80,51,"Regular",1.94591014905531,2.44948974278318,2.37256619803235,2.49367385325655
303,53,6,"3/30/2013",1054,63,"Major Market","Central",16,"Leaves","Tea","Earl Grey",26,116,"Colorado",40,50,20,90,37,"Regular",3.29583686600433,5.09901951359278,5.52538206968385,5.07222088649086
617,33,-11,"3/31/2013",870,49,"Major Market","East",9,"Leaves","Tea","Darjeeling",29,82,"Massachusetts",30,50,40,80,20,"Regular",3.40119738166216,5.3851648071345,5.8203976445416,5.31169438026127
863,34,-10,"4/1/2013",863,51,"Major Market","East",9,"Leaves","Tea","Green Tea",30,85,"Florida",30,50,40,80,21,"Regular",3.43398720448515,5.47722557505166,5.91397038224061,5.38749333359726
641,0,-8,"4/2/2013",344,43,"Small Market","Central",0,"Beans","Espresso","Decaf Espresso",32,43,"Iowa",0,50,40,50,11,"Decaf",3.49650756146648,5.65685424949238,6.0947570824873,5.53371887292784
225,43,7,"4/3/2013",466,63,"Small Market","South",13,"Beans","Espresso","Decaf Espresso",27,106,"Louisiana",30,50,20,80,36,"Decaf",3.3322045101752,5.19615242270663,5.62625126507429,5.15418254444888
702,31,-22,"4/4/2013",1009,38,"Small Market","West",9,"Beans","Coffee","Decaf Irish Cream",8,69,"Nevada",30,50,30,80,30,"Decaf",2.19722457733622,2.82842712474619,2.88688661024538,2.91138626231789
515,23,-23,"4/5/2013",807,35,"Small Market","Central",6,"Beans","Espresso","Caffe Mocha",17,58,"Iowa",20,50,40,70,18,"Regular",2.89037175789616,4.12310562561766,4.46520877893817,4.20625232123686
985,41,11,"4/6/2013",320,66,"Small Market","South",12,"Beans","Espresso","Caffe Mocha",31,107,"Louisiana",30,50,20,80,35,"Regular",3.46573590279973,5.56776436283002,6.00538449812395,5.46146854042967
971,46,-4,"4/7/2013",422,57,"Small Market","West",17,"Beans","Espresso","Caffe Latte",6,103,"Oregon",40,50,10,90,51,"Regular",1.94591014905531,2.44948974278318,2.37256619803235,2.49367385325655
262,43,8,"4/8/2013",466,63,"Small Market","Central",13,"Leaves","Tea","Darjeeling",28,106,"Wisconsin",30,50,20,80,35,"Regular",3.36729582998647,5.29150262212918,5.72453815488877,5.2339636095422
959,33,-12,"4/9/2013",818,49,"Small Market","East",9,"Leaves","Tea","Green Tea",28,82,"Connecticut",30,50,40,80,21,"Regular",3.36729582998647,5.29150262212918,5.72453815488877,5.2339636095422
435,49,-4,"4/10/2013",335,69,"Small Market","West",44,"Leaves","Tea","Darjeeling",1e-05,118,"Utah",30,50,0,80,73,"Regular",9.99995000039884e-06,0.00316227766016838,-3.22792407799438,9.99996225988376e-06
360,55,7,"4/11/2013",627,76,"Small Market","West",49,"Leaves","Tea","Green Tea",1e-05,131,"Washington",40,50,-10,90,79,"Regular",9.99995000039884e-06,0.00316227766016838,-3.22792407799438,9.99996225988376e-06
303,39,-10,"4/12/2013",541,51,"Major Market","Central",12,"Beans","Coffee","Colombian",40,96,"Colorado",30,50,50,80,24,"Regular",3.71357206670431,6.32455532033676,6.7475071511074,6.05915922675012
904,80,31,"4/13/2013",1055,94,"Major Market","East",24,"Leaves","Herbal Tea","Mint",71,185,"Florida",40,50,40,90,46,"Decaf",4.27666611901606,8.42614977317636,8.64113527754987,7.56004225651823
720,54,-11,"4/14/2013",404,66,"Major Market","Central",20,"Leaves","Tea","Darjeeling",19,128,"Colorado",30,50,30,80,53,"Regular",2.99573227355399,4.35889894354067,4.72981827162529,4.42306337524849
970,54,0,"4/15/2013",1037,64,"Major Market","Central",16,"Leaves","Tea","Earl Grey",40,126,"Colorado",30,50,40,80,37,"Regular",3.71357206670431,6.32455532033676,6.7475071511074,6.05915922675012
978,27,-20,"4/16/2013",859,39,"Major Market","East",7,"Leaves","Tea","Darjeeling",30,70,"Massachusetts",20,50,50,70,19,"Regular",3.43398720448515,5.47722557505166,5.91397038224061,5.38749333359726
626,76,67,"4/17/2013",580,111,"Major Market","West",21,"Leaves","Tea","Earl Grey",117,199,"California",30,50,50,80,32,"Regular",4.77068462446567,10.816653826392,10.5769028441957,9.05873679702225
262,22,-35,"4/18/2013",573,29,"Small Market","Central",7,"Beans","Espresso","Decaf Espresso",15,54,"Wisconsin",20,50,50,70,19,"Decaf",2.77258872223978,3.87298334620742,4.17781126947552,3.97041716289268
641,23,-23,"4/19/2013",800,35,"Small Market","Central",6,"Beans","Espresso","Caffe Mocha",27,62,"Iowa",20,50,50,70,17,"Regular",3.3322045101752,5.19615242270663,5.62625126507429,5.15418254444888
203,79,20,"4/20/2013",593,98,"Small Market","East",30,"Leaves","Herbal Tea","Lemon",50,189,"Connecticut",40,50,30,90,64,"Decaf",3.93182563272433,7.07106781186548,7.44545010962263,6.61643990582519
203,65,2,"4/21/2013",1053,77,"Small Market","East",20,"Leaves","Herbal Tea","Mint",52,151,"Connecticut",30,50,50,80,42,"Decaf",3.97029191355212,7.21110255092798,7.57302464450383,6.71778694300049
262,46,5,"4/22/2013",449,67,"Small Market","Central",14,"Leaves","Tea","Darjeeling",45,120,"Wisconsin",20,50,40,70,37,"Regular",3.8286413964891,6.70820393249937,7.11008077908889,6.34925473862917
262,60,0,"4/23/2013",606,84,"Small Market","Central",54,"Leaves","Tea","Earl Grey",1e-05,153,"Wisconsin",40,50,0,90,84,"Regular",9.99995000039884e-06,0.00316227766016838,-3.22792407799438,9.99996225988376e-06
425,60,45,"4/24/2013",329,99,"Small Market","West",18,"Leaves","Tea","Darjeeling",85,169,"Washington",20,50,40,70,42,"Regular",4.45434729625351,9.21954445729289,9.3054253855058,8.07829019651326
312,40,10,"4/25/2013",536,52,"Major Market","Central",13,"Leaves","Herbal Tea","Lemon",40,98,"Illinois",30,50,30,80,25,"Decaf",3.71357206670431,6.32455532033676,6.7475071511074,6.05915922675012
419,36,5,"4/26/2013",862,52,"Major Market","Central",10,"Leaves","Herbal Tea","Lemon",45,94,"Ohio",30,50,40,80,22,"Decaf",3.8286413964891,6.70820393249937,7.11008077908889,6.34925473862917
857,55,2,"4/27/2013",410,69,"Major Market","East",20,"Leaves","Herbal Tea","Lemon",22,132,"Massachusetts",40,50,20,90,54,"Decaf",3.13549421592915,4.69041575982343,5.09235808503701,4.71944589803896
323,40,10,"4/28/2013",536,52,"Major Market","West",13,"Leaves","Herbal Tea","Mint",40,98,"California",30,50,30,80,25,"Decaf",3.71357206670431,6.32455532033676,6.7475071511074,6.05915922675012
352,28,-6,"4/29/2013",875,42,"Major Market","East",7,"Leaves","Tea","Darjeeling",34,75,"Florida",20,50,40,70,19,"Regular",3.55534806148941,5.8309518948453,6.2677982204248,5.67340047857861
904,31,2,"4/30/2013",856,47,"Major Market","East",8,"Leaves","Tea","Green Tea",42,83,"Florida",30,50,40,80,19,"Regular",3.76120011569356,6.48074069840786,6.89614607365233,6.17823996880571
978,32,3,"5/1/2013",482,48,"Major Market","East",8,"Leaves","Tea","Green Tea",43,85,"Massachusetts",30,50,40,80,19,"Regular",3.78418963391826,6.557438524302,6.96861297165568,6.23621841611432
760,50,30,"5/2/2013",589,73,"Major Market","West",14,"Leaves","Tea","Earl Grey",70,131,"California",30,50,40,80,26,"Regular",4.26267987704132,8.36660026534076,8.59028750290873,7.52019869092566
515,0,6,"5/3/2013",387,43,"Small Market","Central",0,"Beans","Espresso","Decaf Espresso",46,46,"Iowa",0,50,40,50,12,"Decaf",3.85014760171006,6.78232998312527,7.17916874786433,6.40438663695411
505,82,-22,"5/4/2013",1804,40,"Small Market","South",25,"Beans","Coffee","Decaf Irish Cream",1e-05,130,"New Mexico",90,50,10,140,48,"Decaf",9.99995000039884e-06,0.00316227766016838,-3.22792407799438,9.99996225988376e-06
515,22,-16,"5/5/2013",802,34,"Small Market","Central",6,"Beans","Espresso","Caffe Mocha",24,60,"Iowa",20,50,40,70,18,"Regular",3.2188758248682,4.89897948556636,5.31519311320155,4.90116517042541
505,44,-10,"5/6/2013",325,62,"Small Market","South",40,"Beans","Espresso","Caffe Mocha",1e-05,113,"New Mexico",30,50,0,80,69,"Regular",9.99995000039884e-06,0.00316227766016838,-3.22792407799438,9.99996225988376e-06
775,33,-16,"5/7/2013",243,41,"Small Market","West",12,"Beans","Coffee","Colombian",1e-05,79,"Nevada",30,50,10,80,45,"Regular",9.99995000039884e-06,0.00316227766016838,-3.22792407799438,9.99996225988376e-06
314,44,-12,"5/8/2013",325,62,"Small Market","Central",40,"Leaves","Herbal Tea","Chamomile",1e-05,113,"Missouri",40,50,0,90,70,"Decaf",9.99995000039884e-06,0.00316227766016838,-3.22792407799438,9.99996225988376e-06
715,31,0,"5/9/2013",856,47,"Small Market","Central",8,"Leaves","Herbal Tea","Lemon",40,83,"Wisconsin",20,50,40,70,20,"Decaf",3.71357206670431,6.32455532033676,6.7475071511074,6.05915922675012
959,69,26,"5/10/2013",1060,81,"Small Market","East",21,"Leaves","Herbal Tea","Mint",56,160,"Connecticut",50,50,30,100,43,"Decaf",4.04305126783455,7.48331477354788,7.81821454618752,6.91211959890164
715,49,29,"5/11/2013",454,71,"Small Market","Central",15,"Leaves","Tea","Darjeeling",49,128,"Wisconsin",40,50,20,90,38,"Regular",3.91202300542815,7,7.38031949905347,6.56463747950631
206,49,20,"5/12/2013",454,71,"Small Market","West",15,"Leaves","Tea","Earl Grey",50,128,"Washington",30,50,30,80,37,"Regular",3.93182563272433,7.07106781186548,7.44545010962263,6.61643990582519
970,43,13,"5/13/2013",531,56,"Major Market","Central",14,"Beans","Coffee","Colombian",43,106,"Colorado",40,50,30,90,27,"Regular",3.78418963391826,6.557438524302,6.96861297165568,6.23621841611432
330,41,16,"5/14/2013",435,60,"Major Market","Central",13,"Beans","Coffee","Colombian",36,108,"Ohio",40,50,20,90,36,"Regular",3.61091791264422,6,6.43385350527841,5.8071810955365
978,47,-20,"5/15/2013",571,52,"Major Market","East",42,"Beans","Espresso","Caffe Mocha",1e-05,106,"Massachusetts",40,50,-10,90,72,"Regular",9.99995000039884e-06,0.00316227766016838,-3.22792407799438,9.99996225988376e-06
312,43,13,"5/16/2013",531,56,"Major Market","Central",14,"Leaves","Herbal Tea","Lemon",43,106,"Illinois",40,50,30,90,27,"Decaf",3.78418963391826,6.557438524302,6.96861297165568,6.23621841611432
323,43,13,"5/17/2013",531,56,"Major Market","West",14,"Leaves","Herbal Tea","Mint",43,106,"California",40,50,30,90,27,"Decaf",3.78418963391826,6.557438524302,6.96861297165568,6.23621841611432
303,46,-1,"5/18/2013",422,57,"Major Market","Central",17,"Leaves","Tea","Darjeeling",9,110,"Colorado",30,50,10,80,51,"Regular",2.30258509299405,3,3.11060681643921,3.09431060815861
970,53,19,"5/19/2013",1054,63,"Major Market","Central",16,"Leaves","Tea","Earl Grey",39,124,"Colorado",40,50,20,90,37,"Regular",3.68887945411394,6.2449979983984,6.67122975914856,5.99796739707004
978,33,3,"5/20/2013",870,49,"Major Market","East",9,"Leaves","Tea","Darjeeling",43,87,"Massachusetts",30,50,40,80,20,"Regular",3.78418963391826,6.557438524302,6.96861297165568,6.23621841611432
321,34,5,"5/21/2013",863,51,"Major Market","East",9,"Leaves","Tea","Green Tea",45,91,"Florida",30,50,40,80,21,"Regular",3.8286413964891,6.70820393249937,7.11008077908889,6.34925473862917
563,0,7,"5/22/2013",344,43,"Small Market","Central",0,"Beans","Espresso","Decaf Espresso",47,46,"Iowa",0,50,40,50,11,"Decaf",3.87120101090789,6.85565460040104,7.24721322674887,6.45864011136703
318,43,20,"5/23/2013",466,63,"Small Market","South",13,"Beans","Espresso","Decaf Espresso",40,113,"Louisiana",30,50,20,80,36,"Decaf",3.71357206670431,6.32455532033676,6.7475071511074,6.05915922675012
775,31,-18,"5/24/2013",1009,38,"Small Market","West",9,"Beans","Coffee","Decaf Irish Cream",12,74,"Nevada",30,50,30,80,30,"Decaf",2.56494935746154,3.46410161513775,3.6914529978149,3.57089490862785
515,23,-15,"5/25/2013",807,35,"Small Market","Central",6,"Beans","Espresso","Caffe Mocha",25,62,"Iowa",20,50,40,70,18,"Regular",3.25809653802148,5,5.42175934801256,4.9879348473056
225,41,26,"5/26/2013",320,66,"Small Market","South",12,"Beans","Espresso","Caffe Mocha",46,114,"Louisiana",30,50,20,80,35,"Regular",3.85014760171006,6.78232998312527,7.17916874786433,6.40438663695411
971,46,-1,"5/27/2013",422,57,"Small Market","West",17,"Beans","Espresso","Caffe Latte",9,110,"Oregon",40,50,10,90,51,"Regular",2.30258509299405,3,3.11060681643921,3.09431060815861
262,43,22,"5/28/2013",466,63,"Small Market","Central",13,"Leaves","Tea","Darjeeling",42,113,"Wisconsin",30,50,20,80,35,"Regular",3.76120011569356,6.48074069840786,6.89614607365233,6.17823996880571
959,33,2,"5/29/2013",818,49,"Small Market","East",9,"Leaves","Tea","Green Tea",42,87,"Connecticut",30,50,40,80,21,"Regular",3.76120011569356,6.48074069840786,6.89614607365233,6.17823996880571
435,49,-6,"5/30/2013",335,69,"Small Market","West",44,"Leaves","Tea","Darjeeling",1e-05,126,"Utah",30,50,0,80,73,"Regular",9.99995000039884e-06,0.00316227766016838,-3.22792407799438,9.99996225988376e-06
509,55,6,"5/31/2013",627,76,"Small Market","West",49,"Leaves","Tea","Green Tea",1e-05,140,"Washington",40,50,-10,90,79,"Regular",9.99995000039884e-06,0.00316227766016838,-3.22792407799438,9.99996225988376e-06
630,39,-13,"6/1/2013",541,51,"Major Market","Central",12,"Leaves","Herbal Tea","Lemon",27,90,"Illinois",20,40,40,60,24,"Decaf",3.3322045101752,5.19615242270663,5.62625126507429,5.15418254444888
209,39,-14,"6/2/2013",541,51,"Major Market","West",12,"Leaves","Herbal Tea","Mint",26,90,"California",20,40,40,60,25,"Decaf",3.29583686600433,5.09901951359278,5.52538206968385,5.07222088649086
505,86,-36,"6/3/2013",1698,23,"Small Market","South",26,"Beans","Coffee","Decaf Irish Cream",1e-05,109,"New Mexico",110,40,10,150,49,"Decaf",9.99995000039884e-06,0.00316227766016838,-3.22792407799438,9.99996225988376e-06
318,46,-10,"6/4/2013",449,67,"Small Market","South",14,"Beans","Espresso","Decaf Espresso",30,113,"Louisiana",20,40,40,60,37,"Decaf",3.43398720448515,5.47722557505166,5.91397038224061,5.38749333359726
515,31,-23,"6/5/2013",1000,37,"Small Market","Central",9,"Beans","Coffee","Colombian",7,68,"Iowa",20,40,30,60,30,"Regular",2.07944154167984,2.64575131106459,2.64263320840332,2.71241120422866
505,45,-16,"6/6/2013",320,64,"Small Market","South",41,"Beans","Espresso","Caffe Mocha",1e-05,109,"New Mexico",20,40,10,60,70,"Regular",9.99995000039884e-06,0.00316227766016838,-3.22792407799438,9.99996225988376e-06
801,32,-12,"6/7/2013",833,47,"Small Market","West",8,"Beans","Espresso","Caffe Latte",28,79,"Utah",20,40,40,60,19,"Regular",3.36729582998647,5.29150262212918,5.72453815488877,5.2339636095422
505,31,-24,"6/8/2013",1000,37,"Small Market","South",9,"Leaves","Herbal Tea","Lemon",6,68,"New Mexico",10,40,30,50,31,"Decaf",1.94591014905531,2.44948974278318,2.37256619803235,2.49367385325655
636,39,-17,"6/9/2013",244,53,"Small Market","Central",12,"Leaves","Tea","Darjeeling",13,92,"Missouri",20,40,30,60,40,"Regular",2.63905732961526,3.60555127546399,3.86217948140527,3.71115874981479
959,24,-22,"6/10/2013",806,36,"Small Market","East",6,"Leaves","Tea","Green Tea",18,60,"Connecticut",20,40,40,60,18,"Regular",2.94443897916644,4.24264068711928,4.60008758198814,4.31681223695035
603,0,-8,"6/11/2013",430,43,"Small Market","East",0,"Leaves","Tea","Green Tea",32,43,"New Hampshire",0,40,40,40,11,"Regular",3.49650756146648,5.65685424949238,6.0947570824873,5.53371887292784
801,45,-26,"6/12/2013",320,64,"Small Market","West",41,"Leaves","Tea","Darjeeling",1e-05,109,"Utah",10,40,20,50,70,"Regular",9.99995000039884e-06,0.00316227766016838,-3.22792407799438,9.99996225988376e-06
206,60,-10,"6/13/2013",606,84,"Small Market","West",54,"Leaves","Tea","Green Tea",1e-05,144,"Washington",20,40,10,60,84,"Regular",9.99995000039884e-06,0.00316227766016838,-3.22792407799438,9.99996225988376e-06
937,32,-1,"6/14/2013",482,48,"Major Market","Central",8,"Leaves","Herbal Tea","Chamomile",29,80,"Ohio",30,40,30,70,19,"Decaf",3.40119738166216,5.3851648071345,5.8203976445416,5.31169438026127
407,54,3,"6/15/2013",391,67,"Major Market","East",20,"Leaves","Herbal Tea","Lemon",13,121,"Florida",40,40,10,80,54,"Decaf",2.63905732961526,3.60555127546399,3.86217948140527,3.71115874981479
715,22,-19,"6/16/2013",570,30,"Small Market","Central",7,"Beans","Espresso","Decaf Espresso",11,52,"Wisconsin",20,40,30,60,19,"Decaf",2.484906649788,3.3166247903554,3.51045471219615,3.42223420542126
505,35,-12,"6/17/2013",248,47,"Small Market","South",11,"Beans","Espresso","Decaf Espresso",8,82,"New Mexico",20,40,20,60,39,"Decaf",2.19722457733622,2.82842712474619,2.88688661024538,2.91138626231789
775,29,-15,"6/18/2013",1003,35,"Small Market","West",8,"Beans","Coffee","Decaf Irish Cream",5,64,"Nevada",30,40,20,70,30,"Decaf",1.79175946922805,2.23606797749979,2.06885532230921,2.24990706967881
563,29,-15,"6/19/2013",1003,35,"Small Market","Central",8,"Beans","Coffee","Colombian",5,64,"Iowa",20,40,20,60,30,"Regular",1.79175946922805,2.23606797749979,2.06885532230921,2.24990706967881
603,34,-3,"6/20/2013",211,42,"Small Market","East",12,"Beans","Espresso","Regular Espresso",1e-05,76,"New Hampshire",30,40,0,70,45,"Regular",9.99995000039884e-06,0.00316227766016838,-3.22792407799438,9.99996225988376e-06
918,32,-1,"6/21/2013",482,48,"Small Market","South",8,"Beans","Espresso","Caffe Mocha",29,80,"Oklahoma",20,40,30,60,19,"Regular",3.40119738166216,5.3851648071345,5.8203976445416,5.31169438026127
775,0,1,"6/22/2013",387,43,"Small Market","West",0,"Beans","Espresso","Caffe Latte",31,43,"Nevada",0,40,30,40,12,"Regular",3.46573590279973,5.56776436283002,6.00538449812395,5.46146854042967
435,33,-3,"6/23/2013",836,48,"Small Market","West",9,"Beans","Espresso","Caffe Latte",27,81,"Utah",30,40,30,70,21,"Regular",3.3322045101752,5.19615242270663,5.62625126507429,5.15418254444888
573,82,-9,"6/24/2013",1804,40,"Small Market","Central",25,"Leaves","Herbal Tea","Lemon",1e-05,122,"Missouri",70,40,0,110,49,"Decaf",9.99995000039884e-06,0.00316227766016838,-3.22792407799438,9.99996225988376e-06
801,82,-8,"6/25/2013",1804,40,"Small Market","West",25,"Leaves","Herbal Tea","Mint",1e-05,122,"Utah",70,40,0,110,48,"Decaf",9.99995000039884e-06,0.00316227766016838,-3.22792407799438,9.99996225988376e-06
417,35,-1,"6/26/2013",248,47,"Small Market","Central",11,"Leaves","Tea","Darjeeling",9,82,"Missouri",20,40,10,60,38,"Regular",2.30258509299405,3,3.11060681643921,3.09431060815861
636,34,-3,"6/27/2013",211,42,"Small Market","Central",12,"Leaves","Tea","Earl Grey",1e-05,76,"Missouri",20,40,0,60,45,"Regular",9.99995000039884e-06,0.00316227766016838,-3.22792407799438,9.99996225988376e-06
314,33,-4,"6/28/2013",243,41,"Small Market","Central",12,"Leaves","Tea","Green Tea",1e-05,74,"Missouri",20,40,0,60,45,"Regular",9.99995000039884e-06,0.00316227766016838,-3.22792407799438,9.99996225988376e-06
603,0,2,"6/29/2013",387,43,"Small Market","East",0,"Leaves","Tea","Green Tea",32,43,"New Hampshire",0,40,30,40,11,"Regular",3.49650756146648,5.65685424949238,6.0947570824873,5.53371887292784
435,44,3,"6/30/2013",325,62,"Small Market","West",40,"Leaves","Tea","Darjeeling",1e-05,106,"Utah",30,40,-10,70,69,"Regular",9.99995000039884e-06,0.00316227766016838,-3.22792407799438,9.99996225988376e-06
937,29,-5,"7/1/2013",490,44,"Major Market","Central",8,"Leaves","Herbal Tea","Chamomile",25,73,"Ohio",20,40,30,60,19,"Decaf",3.25809653802148,5,5.42175934801256,4.9879348473056
330,33,-1,"7/2/2013",870,49,"Major Market","Central",9,"Leaves","Herbal Tea","Lemon",29,82,"Ohio",30,40,30,70,20,"Decaf",3.40119738166216,5.3851648071345,5.8203976445416,5.31169438026127
508,46,-3,"7/3/2013",422,57,"Major Market","East",17,"Leaves","Herbal Tea","Lemon",7,103,"Massachusetts",30,40,10,70,50,"Decaf",2.07944154167984,2.64575131106459,2.64263320840332,2.71241120422866
813,30,-4,"7/4/2013",882,45,"Major Market","East",8,"Leaves","Tea","Darjeeling",26,75,"Florida",30,40,30,70,19,"Regular",3.29583686600433,5.09901951359278,5.52538206968385,5.07222088649086
857,29,-5,"7/5/2013",490,44,"Major Market","East",8,"Leaves","Tea","Green Tea",25,73,"Massachusetts",30,40,30,70,19,"Regular",3.25809653802148,5,5.42175934801256,4.9879348473056
262,24,-17,"7/6/2013",567,32,"Small Market","Central",7,"Beans","Espresso","Decaf Espresso",13,56,"Wisconsin",30,40,30,70,19,"Decaf",2.63905732961526,3.60555127546399,3.86217948140527,3.71115874981479
702,0,1,"7/7/2013",344,43,"Small Market","West",0,"Beans","Espresso","Caffe Latte",31,43,"Nevada",0,40,30,40,12,"Regular",3.46573590279973,5.56776436283002,6.00538449812395,5.46146854042967
435,31,-4,"7/8/2013",844,46,"Small Market","West",8,"Beans","Espresso","Caffe Latte",26,77,"Utah",30,40,30,70,20,"Regular",3.29583686600433,5.09901951359278,5.52538206968385,5.07222088649086
715,34,0,"7/9/2013",863,51,"Small Market","Central",9,"Leaves","Herbal Tea","Lemon",30,85,"Wisconsin",30,40,30,70,21,"Decaf",3.43398720448515,5.47722557505166,5.91397038224061,5.38749333359726
603,39,-8,"7/10/2013",250,49,"Small Market","East",14,"Leaves","Herbal Tea","Lemon",2,88,"New Hampshire",20,40,10,60,47,"Decaf",1.09861228866811,1.4142135623731,0.770481377816388,1.26081001743391
505,31,-13,"7/11/2013",1009,38,"Small Market","South",9,"Leaves","Herbal Tea","Lemon",7,69,"New Mexico",20,40,20,60,31,"Decaf",2.07944154167984,2.64575131106459,2.64263320840332,2.71241120422866
573,38,1,"7/12/2013",256,51,"Small Market","Central",12,"Leaves","Tea","Darjeeling",11,89,"Missouri",30,40,10,70,40,"Regular",2.484906649788,3.3166247903554,3.51045471219615,3.42223420542126
636,39,2,"7/13/2013",250,49,"Small Market","Central",14,"Leaves","Tea","Green Tea",2,88,"Missouri",30,40,0,70,47,"Regular",1.09861228866811,1.4142135623731,0.770481377816388,1.26081001743391
603,0,2,"7/14/2013",344,43,"Small Market","East",0,"Leaves","Tea","Green Tea",32,43,"New Hampshire",0,40,30,40,11,"Regular",3.49650756146648,5.65685424949238,6.0947570824873,5.53371887292784
509,41,10,"7/15/2013",320,66,"Small Market","West",12,"Leaves","Tea","Darjeeling",30,107,"Washington",30,40,20,70,36,"Regular",3.43398720448515,5.47722557505166,5.91397038224061,5.38749333359726
801,38,2,"7/16/2013",256,51,"Small Market","West",12,"Leaves","Tea","Earl Grey",12,89,"Utah",20,40,10,60,39,"Regular",2.56494935746154,3.46410161513775,3.6914529978149,3.57089490862785
509,43,8,"7/17/2013",466,63,"Small Market","West",13,"Leaves","Tea","Earl Grey",28,106,"Washington",30,40,20,70,35,"Regular",3.36729582998647,5.29150262212918,5.72453815488877,5.2339636095422
312,39,0,"7/18/2013",541,51,"Major Market","Central",12,"Leaves","Herbal Tea","Lemon",40,96,"Illinois",20,40,40,60,24,"Decaf",3.71357206670431,6.32455532033676,6.7475071511074,6.05915922675012
530,39,-1,"7/19/2013",541,51,"Major Market","West",12,"Leaves","Herbal Tea","Mint",39,96,"California",20,40,40,60,25,"Decaf",3.68887945411394,6.2449979983984,6.67122975914856,5.99796739707004
505,86,-49,"7/20/2013",1698,23,"Small Market","South",26,"Beans","Coffee","Decaf Irish Cream",1e-05,116,"New Mexico",110,40,10,150,49,"Decaf",9.99995000039884e-06,0.00316227766016838,-3.22792407799438,9.99996225988376e-06
318,46,5,"7/21/2013",449,67,"Small Market","South",14,"Beans","Espresso","Decaf Espresso",45,120,"Louisiana",20,40,40,60,37,"Decaf",3.8286413964891,6.70820393249937,7.11008077908889,6.34925473862917
515,31,-20,"7/22/2013",1000,37,"Small Market","Central",9,"Beans","Coffee","Colombian",10,72,"Iowa",20,40,30,60,30,"Regular",2.39789527279837,3.16227766016838,3.31754104989627,3.26390635106194
505,45,-19,"7/23/2013",320,64,"Small Market","South",41,"Beans","Espresso","Caffe Mocha",1e-05,116,"New Mexico",20,40,10,60,70,"Regular",9.99995000039884e-06,0.00316227766016838,-3.22792407799438,9.99996225988376e-06
435,32,2,"7/24/2013",833,47,"Small Market","West",8,"Beans","Espresso","Caffe Latte",42,84,"Utah",20,40,40,60,19,"Regular",3.76120011569356,6.48074069840786,6.89614607365233,6.17823996880571
505,31,-21,"7/25/2013",1000,37,"Small Market","South",9,"Leaves","Herbal Tea","Lemon",9,72,"New Mexico",10,40,30,50,31,"Decaf",2.30258509299405,3,3.11060681643921,3.09431060815861
314,39,-11,"7/26/2013",244,53,"Small Market","Central",12,"Leaves","Tea","Darjeeling",19,98,"Missouri",20,40,30,60,40,"Regular",2.99573227355399,4.35889894354067,4.72981827162529,4.42306337524849
203,24,-13,"7/27/2013",806,36,"Small Market","East",6,"Leaves","Tea","Green Tea",27,64,"Connecticut",20,40,40,60,18,"Regular",3.3322045101752,5.19615242270663,5.62625126507429,5.15418254444888
603,0,7,"7/28/2013",430,43,"Small Market","East",0,"Leaves","Tea","Green Tea",47,46,"New Hampshire",0,40,40,40,11,"Regular",3.87120101090789,6.85565460040104,7.24721322674887,6.45864011136703
435,45,-29,"7/29/2013",320,64,"Small Market","West",41,"Leaves","Tea","Darjeeling",1e-05,116,"Utah",10,40,20,50,70,"Regular",9.99995000039884e-06,0.00316227766016838,-3.22792407799438,9.99996225988376e-06
206,60,-10,"7/30/2013",606,84,"Small Market","West",54,"Leaves","Tea","Green Tea",1e-05,153,"Washington",20,40,10,60,84,"Regular",9.99995000039884e-06,0.00316227766016838,-3.22792407799438,9.99996225988376e-06
440,32,13,"7/31/2013",482,48,"Major Market","Central",8,"Leaves","Herbal Tea","Chamomile",43,85,"Ohio",30,40,30,70,19,"Decaf",3.78418963391826,6.557438524302,6.96861297165568,6.23621841611432
561,54,9,"8/1/2013",391,67,"Major Market","East",20,"Leaves","Herbal Tea","Lemon",19,129,"Florida",40,40,10,80,54,"Decaf",2.99573227355399,4.35889894354067,4.72981827162529,4.42306337524849
920,22,-14,"8/2/2013",570,30,"Small Market","Central",7,"Beans","Espresso","Decaf Espresso",16,55,"Wisconsin",20,40,30,60,19,"Decaf",2.83321334405622,4,4.32465569998023,4.09095419486471
505,35,-8,"8/3/2013",248,47,"Small Market","South",11,"Beans","Espresso","Decaf Espresso",12,87,"New Mexico",20,40,20,60,39,"Decaf",2.56494935746154,3.46410161513775,3.6914529978149,3.57089490862785
702,29,-13,"8/4/2013",1003,35,"Small Market","West",8,"Beans","Coffee","Decaf Irish Cream",7,68,"Nevada",30,40,20,70,30,"Decaf",2.07944154167984,2.64575131106459,2.64263320840332,2.71241120422866
515,29,-13,"8/5/2013",1003,35,"Small Market","Central",8,"Beans","Coffee","Colombian",7,68,"Iowa",20,40,20,60,30,"Regular",2.07944154167984,2.64575131106459,2.64263320840332,2.71241120422866
603,34,-4,"8/6/2013",211,42,"Small Market","East",12,"Beans","Espresso","Regular Espresso",1e-05,81,"New Hampshire",30,40,0,70,45,"Regular",9.99995000039884e-06,0.00316227766016838,-3.22792407799438,9.99996225988376e-06
580,32,13,"8/7/2013",482,48,"Small Market","South",8,"Beans","Espresso","Caffe Mocha",43,85,"Oklahoma",20,40,30,60,19,"Regular",3.78418963391826,6.557438524302,6.96861297165568,6.23621841611432
775,0,16,"8/8/2013",387,43,"Small Market","West",0,"Beans","Espresso","Caffe Latte",46,46,"Nevada",0,40,30,40,12,"Regular",3.85014760171006,6.78232998312527,7.17916874786433,6.40438663695411
435,33,10,"8/9/2013",836,48,"Small Market","West",9,"Beans","Espresso","Caffe Latte",40,86,"Utah",30,40,30,70,21,"Regular",3.71357206670431,6.32455532033676,6.7475071511074,6.05915922675012
314,82,-13,"8/10/2013",1804,40,"Small Market","Central",25,"Leaves","Herbal Tea","Lemon",1e-05,130,"Missouri",70,40,0,110,49,"Decaf",9.99995000039884e-06,0.00316227766016838,-3.22792407799438,9.99996225988376e-06
435,82,-12,"8/11/2013",1804,40,"Small Market","West",25,"Leaves","Herbal Tea","Mint",1e-05,130,"Utah",70,40,0,110,48,"Decaf",9.99995000039884e-06,0.00316227766016838,-3.22792407799438,9.99996225988376e-06
636,35,3,"8/12/2013",248,47,"Small Market","Central",11,"Leaves","Tea","Darjeeling",13,87,"Missouri",20,40,10,60,38,"Regular",2.63905732961526,3.60555127546399,3.86217948140527,3.71115874981479
573,34,-4,"8/13/2013",211,42,"Small Market","Central",12,"Leaves","Tea","Earl Grey",1e-05,81,"Missouri",20,40,0,60,45,"Regular",9.99995000039884e-06,0.00316227766016838,-3.22792407799438,9.99996225988376e-06
314,33,-6,"8/14/2013",243,41,"Small Market","Central",12,"Leaves","Tea","Green Tea",1e-05,79,"Missouri",20,40,0,60,45,"Regular",9.99995000039884e-06,0.00316227766016838,-3.22792407799438,9.99996225988376e-06
603,0,17,"8/15/2013",387,43,"Small Market","East",0,"Leaves","Tea","Green Tea",47,46,"New Hampshire",0,40,30,40,11,"Regular",3.87120101090789,6.85565460040104,7.24721322674887,6.45864011136703
435,44,0,"8/16/2013",325,62,"Small Market","West",40,"Leaves","Tea","Darjeeling",1e-05,113,"Utah",30,40,-10,70,69,"Regular",9.99995000039884e-06,0.00316227766016838,-3.22792407799438,9.99996225988376e-06
614,29,7,"8/17/2013",490,44,"Major Market","Central",8,"Leaves","Herbal Tea","Chamomile",37,78,"Ohio",20,40,30,60,19,"Decaf",3.63758615972639,6.08276253029822,6.51446763308446,5.8720332510247
440,33,13,"8/18/2013",870,49,"Major Market","Central",9,"Leaves","Herbal Tea","Lemon",43,87,"Ohio",30,40,30,70,20,"Decaf",3.78418963391826,6.557438524302,6.96861297165568,6.23621841611432
774,46,0,"8/19/2013",422,57,"Major Market","East",17,"Leaves","Herbal Tea","Lemon",10,110,"Massachusetts",30,40,10,70,50,"Decaf",2.39789527279837,3.16227766016838,3.31754104989627,3.26390635106194
321,30,9,"8/20/2013",882,45,"Major Market","East",8,"Leaves","Tea","Darjeeling",39,80,"Florida",30,40,30,70,19,"Regular",3.68887945411394,6.2449979983984,6.67122975914856,5.99796739707004
774,29,7,"8/21/2013",490,44,"Major Market","East",8,"Leaves","Tea","Green Tea",37,78,"Massachusetts",30,40,30,70,19,"Regular",3.63758615972639,6.08276253029822,6.51446763308446,5.8720332510247
608,24,-11,"8/22/2013",567,32,"Small Market","Central",7,"Beans","Espresso","Decaf Espresso",19,60,"Wisconsin",30,40,30,70,19,"Decaf",2.99573227355399,4.35889894354067,4.72981827162529,4.42306337524849
775,0,16,"8/23/2013",344,43,"Small Market","West",0,"Beans","Espresso","Caffe Latte",46,46,"Nevada",0,40,30,40,12,"Regular",3.85014760171006,6.78232998312527,7.17916874786433,6.40438663695411
435,31,9,"8/24/2013",844,46,"Small Market","West",8,"Beans","Espresso","Caffe Latte",39,82,"Utah",30,40,30,70,20,"Regular",3.68887945411394,6.2449979983984,6.67122975914856,5.99796739707004
715,34,15,"8/25/2013",863,51,"Small Market","Central",9,"Leaves","Herbal Tea","Lemon",45,91,"Wisconsin",30,40,30,70,21,"Decaf",3.8286413964891,6.70820393249937,7.11008077908889,6.34925473862917
603,39,-7,"8/26/2013",250,49,"Small Market","East",14,"Leaves","Herbal Tea","Lemon",3,94,"New Hampshire",20,40,10,60,47,"Decaf",1.38629436111989,1.73205080756888,1.30129723438636,1.65102658940178
505,31,-10,"8/27/2013",1009,38,"Small Market","South",9,"Leaves","Herbal Tea","Lemon",10,74,"New Mexico",20,40,20,60,31,"Decaf",2.39789527279837,3.16227766016838,3.31754104989627,3.26390635106194
314,38,6,"8/28/2013",256,51,"Small Market","Central",12,"Leaves","Tea","Darjeeling",16,95,"Missouri",30,40,10,70,40,"Regular",2.83321334405622,4,4.32465569998023,4.09095419486471
660,39,3,"8/29/2013",250,49,"Small Market","Central",14,"Leaves","Tea","Green Tea",3,94,"Missouri",30,40,0,70,47,"Regular",1.38629436111989,1.73205080756888,1.30129723438636,1.65102658940178
603,0,17,"8/30/2013",344,43,"Small Market","East",0,"Leaves","Tea","Green Tea",47,46,"New Hampshire",0,40,30,40,11,"Regular",3.87120101090789,6.85565460040104,7.24721322674887,6.45864011136703
253,41,25,"8/31/2013",320,66,"Small Market","West",12,"Leaves","Tea","Darjeeling",45,114,"Washington",30,40,20,70,36,"Regular",3.8286413964891,6.70820393249937,7.11008077908889,6.34925473862917
435,38,8,"9/1/2013",256,51,"Small Market","West",12,"Leaves","Tea","Earl Grey",18,95,"Utah",20,40,10,60,39,"Regular",2.94443897916644,4.24264068711928,4.60008758198814,4.31681223695035
253,43,22,"9/2/2013",466,63,"Small Market","West",13,"Leaves","Tea","Earl Grey",42,113,"Washington",30,40,20,70,35,"Regular",3.76120011569356,6.48074069840786,6.89614607365233,6.17823996880571
216,51,-35,"9/3/2013",503,71,"Major Market","Central",46,"Beans","Coffee","Decaf Irish Cream",1e-05,122,"Ohio",40,70,30,110,76,"Decaf",9.99995000039884e-06,0.00316227766016838,-3.22792407799438,9.99996225988376e-06
440,52,-34,"9/4/2013",405,71,"Major Market","Central",17,"Beans","Coffee","Amaretto",26,123,"Ohio",40,70,60,110,45,"Regular",3.29583686600433,5.09901951359278,5.52538206968385,5.07222088649086
937,43,-32,"9/5/2013",419,64,"Major Market","Central",13,"Beans","Coffee","Colombian",28,107,"Ohio",30,70,60,100,36,"Regular",3.36729582998647,5.29150262212918,5.72453815488877,5.2339636095422
774,51,-41,"9/6/2013",542,65,"Major Market","East",46,"Beans","Espresso","Caffe Mocha",1e-05,116,"Massachusetts",30,70,30,100,76,"Regular",9.99995000039884e-06,0.00316227766016838,-3.22792407799438,9.99996225988376e-06
832,72,5,"9/7/2013",-868,110,"Major Market","South",23,"Beans","Espresso","Caffe Latte",55,182,"Texas",40,70,50,110,55,"Regular",4.02535169073515,7.41619848709566,7.75809690902109,6.86452628486549
863,48,-14,"9/8/2013",851,70,"Major Market","East",13,"Leaves","Tea","Green Tea",46,118,"Florida",50,70,60,120,24,"Regular",3.85014760171006,6.78232998312527,7.17916874786433,6.40438663695411
985,60,-12,"9/9/2013",329,99,"Small Market","South",18,"Beans","Espresso","Caffe Mocha",58,159,"Louisiana",30,70,70,100,41,"Regular",4.07753744390572,7.61577310586391,7.93623142133969,7.0054466527428
971,52,-33,"9/10/2013",405,71,"Small Market","West",17,"Beans","Espresso","Caffe Mocha",27,123,"Oregon",30,70,60,100,44,"Regular",3.3322045101752,5.19615242270663,5.62625126507429,5.15418254444888
253,56,-34,"9/11/2013",385,70,"Small Market","West",21,"Beans","Espresso","Caffe Mocha",16,126,"Washington",40,70,50,110,54,"Regular",2.83321334405622,4,4.32465569998023,4.09095419486471
405,56,-34,"9/12/2013",385,70,"Small Market","South",21,"Leaves","Herbal Tea","Chamomile",16,126,"Oklahoma",40,70,50,110,54,"Decaf",2.83321334405622,4,4.32465569998023,4.09095419486471
435,45,-37,"9/13/2013",447,69,"Small Market","West",14,"Leaves","Herbal Tea","Lemon",23,114,"Utah",20,70,60,90,46,"Decaf",3.17805383034795,4.79583152331272,5.20547167381938,4.81173477068815
567,52,-13,"9/14/2013",509,73,"Major Market","Central",47,"Beans","Coffee","Decaf Irish Cream",1e-05,125,"Ohio",50,70,10,120,76,"Decaf",9.99995000039884e-06,0.00316227766016838,-3.22792407799438,9.99996225988376e-06
614,46,-8,"9/15/2013",424,68,"Major Market","Central",14,"Beans","Coffee","Colombian",32,114,"Ohio",40,70,40,110,36,"Regular",3.49650756146648,5.65685424949238,6.0947570824873,5.53371887292784
303,52,-14,"9/16/2013",509,73,"Major Market","Central",47,"Leaves","Herbal Tea","Lemon",1e-05,125,"Colorado",40,70,10,110,77,"Decaf",9.99995000039884e-06,0.00316227766016838,-3.22792407799438,9.99996225988376e-06
720,59,-8,"9/17/2013",411,79,"Major Market","Central",19,"Leaves","Herbal Tea","Mint",32,138,"Colorado",50,70,40,120,47,"Decaf",3.49650756146648,5.65685424949238,6.0947570824873,5.53371887292784
713,59,-8,"9/18/2013",411,79,"Major Market","South",19,"Leaves","Herbal Tea","Chamomile",32,138,"Texas",50,70,40,120,47,"Decaf",3.49650756146648,5.65685424949238,6.0947570824873,5.53371887292784
718,50,-3,"9/19/2013",589,73,"Major Market","East",14,"Leaves","Tea","Green Tea",47,123,"New York",50,70,50,120,26,"Regular",3.87120101090789,6.85565460040104,7.24721322674887,6.45864011136703
860,53,-14,"9/20/2013",380,71,"Small Market","East",17,"Beans","Espresso","Decaf Espresso",26,124,"Connecticut",50,70,40,120,45,"Decaf",3.29583686600433,5.09901951359278,5.52538206968385,5.07222088649086
435,54,2,"9/21/2013",885,78,"Small Market","West",15,"Beans","Espresso","Decaf Espresso",52,132,"Utah",50,70,50,120,26,"Decaf",3.97029191355212,7.21110255092798,7.57302464450383,6.71778694300049
505,43,-10,"9/22/2013",452,66,"Small Market","South",14,"Beans","Coffee","Colombian",20,109,"New Mexico",50,70,30,120,46,"Regular",3.04452243772342,4.47213595499958,4.85485350743861,4.52537705589284
504,61,-9,"9/23/2013",-906,86,"Small Market","South",55,"Beans","Espresso","Caffe Latte",1,147,"Louisiana",40,70,10,110,85,"Regular",0.693147180559945,1,0,0.7555321818971
541,55,-14,"9/24/2013",410,69,"Small Market","West",20,"Beans","Espresso","Caffe Latte",16,124,"Oregon",50,70,30,120,53,"Regular",2.83321334405622,4,4.32465569998023,4.09095419486471
860,82,8,"9/25/2013",601,102,"Small Market","East",31,"Leaves","Herbal Tea","Lemon",38,184,"Connecticut",60,70,30,130,64,"Decaf",3.66356164612965,6.16441400296898,6.59357071906458,5.93560973163213
715,61,2,"9/26/2013",613,86,"Small Market","Central",55,"Leaves","Tea","Earl Grey",2,147,"Wisconsin",50,70,0,120,84,"Regular",1.09861228866811,1.4142135623731,0.770481377816388,1.26081001743391
425,53,-1,"9/27/2013",321,88,"Small Market","West",16,"Leaves","Tea","Darjeeling",49,141,"Washington",30,70,50,100,39,"Regular",3.91202300542815,7,7.38031949905347,6.56463747950631
419,47,-16,"9/28/2013",521,65,"Major Market","Central",42,"Beans","Coffee","Decaf Irish Cream",1e-05,112,"Ohio",40,70,10,110,71,"Decaf",9.99995000039884e-06,0.00316227766016838,-3.22792407799438,9.99996225988376e-06
513,54,-11,"9/29/2013",424,73,"Major Market","Central",17,"Beans","Coffee","Amaretto",29,127,"Ohio",50,70,40,120,44,"Regular",3.40119738166216,5.3851648071345,5.8203976445416,5.31169438026127
512,67,17,"9/30/2013",-1239,101,"Major Market","South",22,"Beans","Espresso","Caffe Latte",47,168,"Texas",50,70,30,120,54,"Regular",3.87120101090789,6.85565460040104,7.24721322674887,6.45864011136703
309,54,3,"10/1/2013",601,79,"Major Market","Central",15,"Leaves","Tea","Darjeeling",53,133,"Illinois",40,70,50,110,26,"Regular",3.98898404656427,7.28010988928052,7.63552698789731,6.76738124182189
816,63,-4,"10/2/2013",1075,76,"Small Market","Central",19,"Beans","Coffee","Decaf Irish Cream",36,139,"Missouri",60,70,40,130,40,"Decaf",3.61091791264422,6,6.43385350527841,5.8071810955365
959,49,-19,"10/3/2013",392,65,"Small Market","East",16,"Beans","Espresso","Decaf Espresso",21,114,"Connecticut",40,70,40,110,44,"Decaf",3.09104245335832,4.58257569495584,4.97558582846753,4.62407670458834
435,50,-3,"10/4/2013",898,73,"Small Market","West",14,"Beans","Espresso","Decaf Espresso",47,123,"Utah",40,70,50,110,26,"Decaf",3.87120101090789,6.85565460040104,7.24721322674887,6.45864011136703
603,52,-13,"10/5/2013",327,75,"Small Market","East",16,"Beans","Coffee","Amaretto",37,127,"New Hampshire",40,70,50,110,38,"Regular",3.63758615972639,6.08276253029822,6.51446763308446,5.8720332510247
475,55,-12,"10/6/2013",627,76,"Small Market","East",49,"Beans","Espresso","Caffe Mocha",1e-05,131,"Connecticut",50,70,10,120,78,"Regular",9.99995000039884e-06,0.00316227766016838,-3.22792407799438,9.99996225988376e-06
603,49,-14,"10/7/2013",335,69,"Small Market","East",44,"Beans","Espresso","Caffe Mocha",1e-05,118,"New Hampshire",40,70,10,110,73,"Regular",9.99995000039884e-06,0.00316227766016838,-3.22792407799438,9.99996225988376e-06
503,41,-19,"10/8/2013",482,57,"Small Market","West",13,"Beans","Coffee","Colombian",1,98,"Oregon",40,70,20,110,56,"Regular",0.693147180559945,1,0,0.7555321818971
503,54,-12,"10/9/2013",424,73,"Small Market","West",17,"Beans","Espresso","Caffe Mocha",28,127,"Oregon",50,70,40,120,45,"Regular",3.36729582998647,5.29150262212918,5.72453815488877,5.2339636095422
405,65,2,"10/10/2013",403,80,"Small Market","South",24,"Leaves","Herbal Tea","Chamomile",22,145,"Oklahoma",60,70,20,130,58,"Decaf",3.13549421592915,4.69041575982343,5.09235808503701,4.71944589803896
435,52,-4,"10/11/2013",327,75,"Small Market","West",16,"Leaves","Herbal Tea","Chamomile",36,127,"Utah",40,70,40,110,39,"Decaf",3.61091791264422,6,6.43385350527841,5.8071810955365
801,48,-12,"10/12/2013",462,74,"Small Market","West",15,"Leaves","Herbal Tea","Lemon",28,122,"Utah",40,70,40,110,46,"Decaf",3.36729582998647,5.29150262212918,5.72453815488877,5.2339636095422
425,49,-4,"10/13/2013",845,71,"Small Market","West",13,"Leaves","Herbal Tea","Lemon",46,120,"Washington",40,70,50,110,25,"Decaf",3.85014760171006,6.78232998312527,7.17916874786433,6.40438663695411
860,50,-3,"10/14/2013",898,73,"Small Market","East",14,"Leaves","Tea","Darjeeling",47,123,"Connecticut",50,70,50,120,26,"Regular",3.87120101090789,6.85565460040104,7.24721322674887,6.45864011136703
234,51,-37,"10/15/2013",503,71,"Major Market","Central",46,"Beans","Coffee","Decaf Irish Cream",1e-05,130,"Ohio",40,70,30,110,76,"Decaf",9.99995000039884e-06,0.00316227766016838,-3.22792407799438,9.99996225988376e-06
614,52,-21,"10/16/2013",405,71,"Major Market","Central",17,"Beans","Coffee","Amaretto",39,131,"Ohio",40,70,60,110,45,"Regular",3.68887945411394,6.2449979983984,6.67122975914856,5.99796739707004
937,43,-18,"10/17/2013",419,64,"Major Market","Central",13,"Beans","Coffee","Colombian",42,114,"Ohio",30,70,60,100,36,"Regular",3.76120011569356,6.48074069840786,6.89614607365233,6.17823996880571
774,51,-46,"10/18/2013",542,65,"Major Market","East",46,"Beans","Espresso","Caffe Mocha",1e-05,124,"Massachusetts",30,70,30,100,76,"Regular",9.99995000039884e-06,0.00316227766016838,-3.22792407799438,9.99996225988376e-06
682,72,32,"10/19/2013",-868,110,"Major Market","South",23,"Beans","Espresso","Caffe Latte",82,194,"Texas",40,70,50,110,55,"Regular",4.4188406077966,9.05538513813742,9.16991626645139,7.97291385979823
772,48,8,"10/20/2013",851,70,"Major Market","East",13,"Leaves","Tea","Green Tea",68,126,"Florida",50,70,60,120,24,"Regular",4.23410650459726,8.24621125123532,8.48704614086559,7.4392232443312
225,60,16,"10/21/2013",329,99,"Small Market","South",18,"Beans","Espresso","Caffe Mocha",86,169,"Louisiana",30,70,70,100,41,"Regular",4.46590811865458,9.2736184954957,9.3498503066332,8.11279872393261
541,52,-20,"10/22/2013",405,71,"Small Market","West",17,"Beans","Espresso","Caffe Mocha",40,131,"Oregon",30,70,60,100,44,"Regular",3.71357206670431,6.32455532033676,6.7475071511074,6.05915922675012
425,56,-26,"10/23/2013",385,70,"Small Market","West",21,"Beans","Espresso","Caffe Mocha",24,134,"Washington",40,70,50,110,54,"Regular",3.2188758248682,4.89897948556636,5.31519311320155,4.90116517042541
580,56,-26,"10/24/2013",385,70,"Small Market","South",21,"Leaves","Herbal Tea","Chamomile",24,134,"Oklahoma",40,70,50,110,54,"Decaf",3.2188758248682,4.89897948556636,5.31519311320155,4.90116517042541
435,45,-26,"10/25/2013",447,69,"Small Market","West",14,"Leaves","Herbal Tea","Lemon",34,121,"Utah",20,70,60,90,46,"Decaf",3.55534806148941,5.8309518948453,6.2677982204248,5.67340047857861
614,52,-14,"10/26/2013",509,73,"Major Market","Central",47,"Beans","Coffee","Decaf Irish Cream",1e-05,133,"Ohio",50,70,10,120,76,"Decaf",9.99995000039884e-06,0.00316227766016838,-3.22792407799438,9.99996225988376e-06
234,46,7,"10/27/2013",424,68,"Major Market","Central",14,"Beans","Coffee","Colombian",47,121,"Ohio",40,70,40,110,36,"Regular",3.87120101090789,6.85565460040104,7.24721322674887,6.45864011136703
970,52,-16,"10/28/2013",509,73,"Major Market","Central",47,"Leaves","Herbal Tea","Lemon",1e-05,133,"Colorado",40,70,10,110,77,"Decaf",9.99995000039884e-06,0.00316227766016838,-3.22792407799438,9.99996225988376e-06
970,59,7,"10/29/2013",411,79,"Major Market","Central",19,"Leaves","Herbal Tea","Mint",47,147,"Colorado",50,70,40,120,47,"Decaf",3.87120101090789,6.85565460040104,7.24721322674887,6.45864011136703
936,59,7,"10/30/2013",411,79,"Major Market","South",19,"Leaves","Herbal Tea","Chamomile",47,147,"Texas",50,70,40,120,47,"Decaf",3.87120101090789,6.85565460040104,7.24721322674887,6.45864011136703
914,50,20,"10/31/2013",589,73,"Major Market","East",14,"Leaves","Tea","Green Tea",70,131,"New York",50,70,50,120,26,"Regular",4.26267987704132,8.36660026534076,8.59028750290873,7.52019869092566
203,53,-1,"11/1/2013",380,71,"Small Market","East",17,"Beans","Espresso","Decaf Espresso",39,132,"Connecticut",50,70,40,120,45,"Decaf",3.68887945411394,6.2449979983984,6.67122975914856,5.99796739707004
435,54,27,"11/2/2013",885,78,"Small Market","West",15,"Beans","Espresso","Decaf Espresso",77,141,"Utah",50,70,50,120,26,"Decaf",4.35670882668959,8.77496438739212,8.93614118031312,7.79071274357814
505,43,0,"11/3/2013",452,66,"Small Market","South",14,"Beans","Coffee","Colombian",30,116,"New Mexico",50,70,30,120,46,"Regular",3.43398720448515,5.47722557505166,5.91397038224061,5.38749333359726
318,61,-9,"11/4/2013",-906,86,"Small Market","South",55,"Beans","Espresso","Caffe Latte",1,157,"Louisiana",40,70,10,110,85,"Regular",0.693147180559945,1,0,0.7555321818971
503,55,-6,"11/5/2013",410,69,"Small Market","West",20,"Beans","Espresso","Caffe Latte",24,132,"Oregon",50,70,30,120,53,"Regular",3.2188758248682,4.89897948556636,5.31519311320155,4.90116517042541
475,82,26,"11/6/2013",601,102,"Small Market","East",31,"Leaves","Herbal Tea","Lemon",56,196,"Connecticut",60,70,30,130,64,"Decaf",4.04305126783455,7.48331477354788,7.81821454618752,6.91211959890164
715,61,3,"11/7/2013",613,86,"Small Market","Central",55,"Leaves","Tea","Earl Grey",3,157,"Wisconsin",50,70,0,120,84,"Regular",1.38629436111989,1.73205080756888,1.30129723438636,1.65102658940178
509,53,23,"11/8/2013",321,88,"Small Market","West",16,"Leaves","Tea","Darjeeling",73,150,"Washington",30,70,50,100,39,"Regular",4.30406509320417,8.54400374531753,8.7413459242933,7.63849272152917
513,47,-19,"11/9/2013",521,65,"Major Market","Central",42,"Beans","Coffee","Decaf Irish Cream",1e-05,119,"Ohio",40,70,10,110,71,"Decaf",9.99995000039884e-06,0.00316227766016838,-3.22792407799438,9.99996225988376e-06
234,54,3,"11/10/2013",424,73,"Major Market","Central",17,"Beans","Coffee","Amaretto",43,135,"Ohio",50,70,40,120,44,"Regular",3.78418963391826,6.557438524302,6.96861297165568,6.23621841611432
361,67,40,"11/11/2013",-1239,101,"Major Market","South",22,"Beans","Espresso","Caffe Latte",70,179,"Texas",50,70,30,120,54,"Regular",4.26267987704132,8.36660026534076,8.59028750290873,7.52019869092566
630,54,29,"11/12/2013",601,79,"Major Market","Central",15,"Leaves","Tea","Darjeeling",79,142,"Illinois",40,70,50,110,26,"Regular",4.38202663467388,8.88819441731559,9.03089089968387,7.86462215736974
636,63,13,"11/13/2013",1075,76,"Small Market","Central",19,"Beans","Coffee","Decaf Irish Cream",53,148,"Missouri",60,70,40,130,40,"Decaf",3.98898404656427,7.28010988928052,7.63552698789731,6.76738124182189
203,49,-9,"11/14/2013",392,65,"Small Market","East",16,"Beans","Espresso","Decaf Espresso",31,121,"Connecticut",40,70,40,110,44,"Decaf",3.46573590279973,5.56776436283002,6.00538449812395,5.46146854042967
435,50,20,"11/15/2013",898,73,"Small Market","West",14,"Beans","Espresso","Decaf Espresso",70,131,"Utah",40,70,50,110,26,"Decaf",4.26267987704132,8.36660026534076,8.59028750290873,7.52019869092566
603,52,5,"11/16/2013",327,75,"Small Market","East",16,"Beans","Coffee","Amaretto",55,135,"New Hampshire",40,70,50,110,38,"Regular",4.02535169073515,7.41619848709566,7.75809690902109,6.86452628486549
203,55,-13,"11/17/2013",627,76,"Small Market","East",49,"Beans","Espresso","Caffe Mocha",1e-05,140,"Connecticut",50,70,10,120,78,"Regular",9.99995000039884e-06,0.00316227766016838,-3.22792407799438,9.99996225988376e-06
603,49,-16,"11/18/2013",335,69,"Small Market","East",44,"Beans","Espresso","Caffe Mocha",1e-05,126,"New Hampshire",40,70,10,110,73,"Regular",9.99995000039884e-06,0.00316227766016838,-3.22792407799438,9.99996225988376e-06
541,41,-19,"11/19/2013",482,57,"Small Market","West",13,"Beans","Coffee","Colombian",1,104,"Oregon",40,70,20,110,56,"Regular",0.693147180559945,1,0,0.7555321818971
503,54,2,"11/20/2013",424,73,"Small Market","West",17,"Beans","Espresso","Caffe Mocha",42,135,"Oregon",50,70,40,120,45,"Regular",3.76120011569356,6.48074069840786,6.89614607365233,6.17823996880571
405,65,13,"11/21/2013",403,80,"Small Market","South",24,"Leaves","Herbal Tea","Chamomile",33,155,"Oklahoma",60,70,20,130,58,"Decaf",3.52636052461616,5.74456264653803,6.18219544910834,5.60433503985148
435,52,13,"11/22/2013",327,75,"Small Market","West",16,"Leaves","Herbal Tea","Chamomile",53,135,"Utah",40,70,40,110,39,"Decaf",3.98898404656427,7.28010988928052,7.63552698789731,6.76738124182189
435,48,2,"11/23/2013",462,74,"Small Market","West",15,"Leaves","Herbal Tea","Lemon",42,130,"Utah",40,70,40,110,46,"Decaf",3.76120011569356,6.48074069840786,6.89614607365233,6.17823996880571
425,49,18,"11/24/2013",845,71,"Small Market","West",13,"Leaves","Herbal Tea","Lemon",68,128,"Washington",40,70,50,110,25,"Decaf",4.23410650459726,8.24621125123532,8.48704614086559,7.4392232443312
959,50,20,"11/25/2013",898,73,"Small Market","East",14,"Leaves","Tea","Darjeeling",70,131,"Connecticut",50,70,50,120,26,"Regular",4.26267987704132,8.36660026534076,8.59028750290873,7.52019869092566
937,21,-14,"11/26/2013",480,32,"Major Market","Central",5,"Leaves","Herbal Tea","Chamomile",16,53,"Ohio",0,30,30,30,16,"Decaf",2.83321334405622,4,4.32465569998023,4.09095419486471
513,27,-10,"11/27/2013",859,39,"Major Market","Central",7,"Leaves","Herbal Tea","Lemon",20,66,"Ohio",10,30,30,40,19,"Decaf",3.04452243772342,4.47213595499958,4.85485350743861,4.52537705589284
850,56,-4,"11/28/2013",385,70,"Major Market","East",21,"Leaves","Herbal Tea","Lemon",16,126,"Florida",30,30,20,60,54,"Decaf",2.83321334405622,4,4.32465569998023,4.09095419486471
781,54,-7,"11/29/2013",404,66,"Major Market","East",20,"Leaves","Herbal Tea","Lemon",13,120,"Massachusetts",30,30,20,60,53,"Decaf",2.63905732961526,3.60555127546399,3.86217948140527,3.71115874981479
413,21,-15,"11/30/2013",480,32,"Major Market","East",5,"Leaves","Tea","Green Tea",15,53,"Massachusetts",20,30,30,50,17,"Regular",2.77258872223978,3.87298334620742,4.17781126947552,3.97041716289268
505,39,-6,"12/1/2013",244,53,"Small Market","South",12,"Beans","Espresso","Decaf Espresso",14,92,"New Mexico",20,30,20,50,39,"Decaf",2.70805020110221,3.74165738677394,4.02394448886189,3.84405211016258
702,23,-13,"12/2/2013",800,35,"Small Market","West",6,"Beans","Espresso","Decaf Espresso",17,58,"Nevada",10,30,30,40,18,"Decaf",2.89037175789616,4.12310562561766,4.46520877893817,4.20625232123686
563,21,-15,"12/3/2013",846,31,"Small Market","Central",5,"Beans","Coffee","Amaretto",15,52,"Iowa",10,30,30,40,16,"Regular",2.77258872223978,3.87298334620742,4.17781126947552,3.97041716289268
603,25,-22,"12/4/2013",209,31,"Small Market","East",9,"Beans","Espresso","Regular Espresso",1e-05,56,"New Hampshire",10,30,10,40,43,"Regular",9.99995000039884e-06,0.00316227766016838,-3.22792407799438,9.99996225988376e-06
405,21,-15,"12/5/2013",480,32,"Small Market","South",5,"Beans","Espresso","Caffe Mocha",15,53,"Oklahoma",0,30,30,30,17,"Regular",2.77258872223978,3.87298334620742,4.17781126947552,3.97041716289268
702,0,2,"12/6/2013",430,43,"Small Market","West",0,"Beans","Espresso","Caffe Latte",32,43,"Nevada",0,30,30,30,11,"Regular",3.49650756146648,5.65685424949238,6.0947570824873,5.53371887292784
603,34,-23,"12/7/2013",240,43,"Small Market","East",12,"Leaves","Herbal Tea","Lemon",1e-05,77,"New Hampshire",10,30,20,40,46,"Decaf",9.99995000039884e-06,0.00316227766016838,-3.22792407799438,9.99996225988376e-06
505,21,-16,"12/8/2013",846,31,"Small Market","South",5,"Leaves","Herbal Tea","Chamomile",14,52,"New Mexico",10,30,30,40,17,"Decaf",2.70805020110221,3.74165738677394,4.02394448886189,3.84405211016258
971,25,-13,"12/9/2013",820,36,"Small Market","West",7,"Leaves","Herbal Tea","Chamomile",17,61,"Oregon",10,30,30,40,19,"Decaf",2.89037175789616,4.12310562561766,4.46520877893817,4.20625232123686
314,34,-13,"12/10/2013",240,43,"Small Market","Central",12,"Leaves","Tea","Green Tea",1e-05,77,"Missouri",10,30,10,40,46,"Regular",9.99995000039884e-06,0.00316227766016838,-3.22792407799438,9.99996225988376e-06
603,21,-16,"12/11/2013",846,31,"Small Market","East",5,"Leaves","Tea","Darjeeling",14,52,"New Hampshire",20,30,30,50,17,"Regular",2.70805020110221,3.74165738677394,4.02394448886189,3.84405211016258
435,39,-6,"12/12/2013",244,53,"Small Market","West",12,"Leaves","Tea","Earl Grey",14,92,"Utah",10,30,20,40,39,"Regular",2.70805020110221,3.74165738677394,4.02394448886189,3.84405211016258
360,46,1,"12/13/2013",449,67,"Small Market","West",14,"Leaves","Tea","Earl Grey",31,113,"Washington",20,30,30,50,36,"Regular",3.46573590279973,5.56776436283002,6.00538449812395,5.46146854042967
775,22,-3,"12/14/2013",802,34,"Small Market","West",6,"Beans","Espresso","Decaf Espresso",17,56,"Nevada",20,30,20,50,17,"Decaf",2.89037175789616,4.12310562561766,4.46520877893817,4.20625232123686
505,34,6,"12/15/2013",-522,42,"Small Market","South",12,"Beans","Espresso","Caffe Latte",1e-05,76,"New Mexico",20,30,-10,50,46,"Regular",9.99995000039884e-06,0.00316227766016838,-3.22792407799438,9.99996225988376e-06
253,22,-9,"12/16/2013",570,30,"Small Market","West",7,"Beans","Espresso","Caffe Latte",11,52,"Washington",20,30,20,50,19,"Regular",2.484906649788,3.3166247903554,3.51045471219615,3.42223420542126
603,33,-4,"12/17/2013",243,41,"Small Market","East",12,"Leaves","Herbal Tea","Lemon",1e-05,74,"New Hampshire",20,30,0,50,45,"Decaf",9.99995000039884e-06,0.00316227766016838,-3.22792407799438,9.99996225988376e-06
505,29,-5,"12/18/2013",1003,35,"Small Market","South",8,"Leaves","Herbal Tea","Lemon",5,64,"New Mexico",20,30,10,50,30,"Decaf",1.79175946922805,2.23606797749979,2.06885532230921,2.24990706967881
503,25,-1,"12/19/2013",823,38,"Small Market","West",7,"Leaves","Herbal Tea","Chamomile",19,63,"Oregon",20,30,20,50,19,"Decaf",2.99573227355399,4.35889894354067,4.72981827162529,4.42306337524849
603,15,-12,"12/20/2013",848,24,"Small Market","East",4,"Leaves","Tea","Darjeeling",8,39,"New Hampshire",10,30,20,40,16,"Regular",2.19722457733622,2.82842712474619,2.88688661024538,2.91138626231789
541,32,-2,"12/21/2013",482,48,"Small Market","West",8,"Leaves","Tea","Darjeeling",28,80,"Oregon",20,30,30,50,20,"Regular",3.36729582998647,5.29150262212918,5.72453815488877,5.2339636095422
435,35,-1,"12/22/2013",248,47,"Small Market","West",11,"Leaves","Tea","Earl Grey",9,82,"Utah",20,30,10,50,38,"Regular",2.30258509299405,3,3.11060681643921,3.09431060815861
801,34,-3,"12/23/2013",211,42,"Small Market","West",12,"Leaves","Tea","Green Tea",1e-05,76,"Utah",20,30,0,50,45,"Regular",9.99995000039884e-06,0.00316227766016838,-3.22792407799438,9.99996225988376e-06
772,24,-8,"12/24/2013",567,32,"Major Market","East",7,"Leaves","Herbal Tea","Chamomile",12,56,"Florida",10,30,20,40,20,"Decaf",2.56494935746154,3.46410161513775,3.6914529978149,3.57089490862785
505,38,12,"12/25/2013",256,51,"Small Market","South",12,"Beans","Espresso","Decaf Espresso",12,89,"New Mexico",30,30,0,60,39,"Decaf",2.56494935746154,3.46410161513775,3.6914529978149,3.57089490862785
702,23,-3,"12/26/2013",807,35,"Small Market","West",6,"Beans","Espresso","Decaf Espresso",17,58,"Nevada",20,30,20,50,18,"Decaf",2.89037175789616,4.12310562561766,4.46520877893817,4.20625232123686
641,16,-10,"12/27/2013",851,25,"Small Market","Central",4,"Beans","Coffee","Amaretto",10,41,"Iowa",10,30,20,40,15,"Regular",2.39789527279837,3.16227766016838,3.31754104989627,3.26390635106194
563,31,-2,"12/28/2013",1009,38,"Small Market","Central",9,"Beans","Coffee","Colombian",8,69,"Iowa",30,30,10,60,30,"Regular",2.19722457733622,2.82842712474619,2.88688661024538,2.91138626231789
603,20,-16,"12/29/2013",218,25,"Small Market","East",7,"Beans","Espresso","Regular Espresso",1e-05,45,"New Hampshire",10,30,0,40,41,"Regular",9.99995000039884e-06,0.00316227766016838,-3.22792407799438,9.99996225988376e-06
580,29,4,"12/30/2013",490,44,"Small Market","South",8,"Beans","Espresso","Caffe Mocha",24,73,"Oklahoma",20,30,20,50,20,"Regular",3.2188758248682,4.89897948556636,5.31519311320155,4.90116517042541
253,24,-7,"12/31/2013",567,32,"Small Market","West",7,"Beans","Espresso","Caffe Latte",13,56,"Washington",20,30,20,50,19,"Regular",2.63905732961526,3.60555127546399,3.86217948140527,3.71115874981479
541,24,-1,"1/1/2014",829,36,"Small Market","West",6,"Leaves","Herbal Tea","Chamomile",19,60,"Oregon",20,30,20,50,17,"Decaf",2.99573227355399,4.35889894354067,4.72981827162529,4.42306337524849
603,16,-10,"1/2/2014",851,25,"Small Market","East",4,"Leaves","Tea","Darjeeling",10,41,"New Hampshire",10,30,20,40,15,"Regular",2.39789527279837,3.16227766016838,3.31754104989627,3.26390635106194
971,29,-5,"1/3/2014",490,44,"Small Market","West",8,"Leaves","Tea","Darjeeling",25,73,"Oregon",20,30,30,50,19,"Regular",3.25809653802148,5,5.42175934801256,4.9879348473056
937,21,-6,"1/4/2014",480,32,"Major Market","Central",5,"Leaves","Herbal Tea","Chamomile",24,56,"Ohio",0,30,30,30,16,"Decaf",3.2188758248682,4.89897948556636,5.31519311320155,4.90116517042541
937,27,0,"1/5/2014",859,39,"Major Market","Central",7,"Leaves","Herbal Tea","Lemon",30,70,"Ohio",10,30,30,40,19,"Decaf",3.43398720448515,5.47722557505166,5.91397038224061,5.38749333359726
786,56,4,"1/6/2014",385,70,"Major Market","East",21,"Leaves","Herbal Tea","Lemon",24,134,"Florida",30,30,20,60,54,"Decaf",3.2188758248682,4.89897948556636,5.31519311320155,4.90116517042541
339,54,-1,"1/7/2014",404,66,"Major Market","East",20,"Leaves","Herbal Tea","Lemon",19,128,"Massachusetts",30,30,20,60,53,"Decaf",2.99573227355399,4.35889894354067,4.72981827162529,4.42306337524849
781,21,-8,"1/8/2014",480,32,"Major Market","East",5,"Leaves","Tea","Green Tea",22,56,"Massachusetts",20,30,30,50,17,"Regular",3.13549421592915,4.69041575982343,5.09235808503701,4.71944589803896
505,39,1,"1/9/2014",244,53,"Small Market","South",12,"Beans","Espresso","Decaf Espresso",21,98,"New Mexico",20,30,20,50,39,"Decaf",3.09104245335832,4.58257569495584,4.97558582846753,4.62407670458834
775,23,-5,"1/10/2014",800,35,"Small Market","West",6,"Beans","Espresso","Decaf Espresso",25,62,"Nevada",10,30,30,40,18,"Decaf",3.25809653802148,5,5.42175934801256,4.9879348473056
515,21,-8,"1/11/2014",846,31,"Small Market","Central",5,"Beans","Coffee","Amaretto",22,55,"Iowa",10,30,30,40,16,"Regular",3.13549421592915,4.69041575982343,5.09235808503701,4.71944589803896
603,25,-28,"1/12/2014",209,31,"Small Market","East",9,"Beans","Espresso","Regular Espresso",1e-05,60,"New Hampshire",10,30,10,40,43,"Regular",9.99995000039884e-06,0.00316227766016838,-3.22792407799438,9.99996225988376e-06
580,21,-8,"1/13/2014",480,32,"Small Market","South",5,"Beans","Espresso","Caffe Mocha",22,56,"Oklahoma",0,30,30,30,17,"Regular",3.13549421592915,4.69041575982343,5.09235808503701,4.71944589803896
702,0,17,"1/14/2014",430,43,"Small Market","West",0,"Beans","Espresso","Caffe Latte",47,46,"Nevada",0,30,30,30,11,"Regular",3.87120101090789,6.85565460040104,7.24721322674887,6.45864011136703
603,34,-24,"1/15/2014",240,43,"Small Market","East",12,"Leaves","Herbal Tea","Lemon",1e-05,82,"New Hampshire",10,30,20,40,46,"Decaf",9.99995000039884e-06,0.00316227766016838,-3.22792407799438,9.99996225988376e-06
505,21,-9,"1/16/2014",846,31,"Small Market","South",5,"Leaves","Herbal Tea","Chamomile",21,55,"New Mexico",10,30,30,40,17,"Decaf",3.09104245335832,4.58257569495584,4.97558582846753,4.62407670458834
971,25,-5,"1/17/2014",820,36,"Small Market","West",7,"Leaves","Herbal Tea","Chamomile",25,65,"Oregon",10,30,30,40,19,"Decaf",3.25809653802148,5,5.42175934801256,4.9879348473056
314,34,-14,"1/18/2014",240,43,"Small Market","Central",12,"Leaves","Tea","Green Tea",1e-05,82,"Missouri",10,30,10,40,46,"Regular",9.99995000039884e-06,0.00316227766016838,-3.22792407799438,9.99996225988376e-06
603,21,-9,"1/19/2014",846,31,"Small Market","East",5,"Leaves","Tea","Darjeeling",21,55,"New Hampshire",20,30,30,50,17,"Regular",3.09104245335832,4.58257569495584,4.97558582846753,4.62407670458834
435,39,1,"1/20/2014",244,53,"Small Market","West",12,"Leaves","Tea","Earl Grey",21,98,"Utah",10,30,20,40,39,"Regular",3.09104245335832,4.58257569495584,4.97558582846753,4.62407670458834
509,46,16,"1/21/2014",449,67,"Small Market","West",14,"Leaves","Tea","Earl Grey",46,120,"Washington",20,30,30,50,36,"Regular",3.85014760171006,6.78232998312527,7.17916874786433,6.40438663695411
775,22,5,"1/22/2014",802,34,"Small Market","West",6,"Beans","Espresso","Decaf Espresso",25,60,"Nevada",20,30,20,50,17,"Decaf",3.25809653802148,5,5.42175934801256,4.9879348473056
505,34,4,"1/23/2014",-522,42,"Small Market","South",12,"Beans","Espresso","Caffe Latte",1e-05,81,"New Mexico",20,30,-10,50,46,"Regular",9.99995000039884e-06,0.00316227766016838,-3.22792407799438,9.99996225988376e-06
425,22,-4,"1/24/2014",570,30,"Small Market","West",7,"Beans","Espresso","Caffe Latte",16,55,"Washington",20,30,20,50,19,"Regular",2.83321334405622,4,4.32465569998023,4.09095419486471
603,33,-6,"1/25/2014",243,41,"Small Market","East",12,"Leaves","Herbal Tea","Lemon",1e-05,79,"New Hampshire",20,30,0,50,45,"Decaf",9.99995000039884e-06,0.00316227766016838,-3.22792407799438,9.99996225988376e-06
505,29,-3,"1/26/2014",1003,35,"Small Market","South",8,"Leaves","Herbal Tea","Lemon",7,68,"New Mexico",20,30,10,50,30,"Decaf",2.07944154167984,2.64575131106459,2.64263320840332,2.71241120422866
541,25,8,"1/27/2014",823,38,"Small Market","West",7,"Leaves","Herbal Tea","Chamomile",28,67,"Oregon",20,30,20,50,19,"Decaf",3.36729582998647,5.29150262212918,5.72453815488877,5.2339636095422
603,15,-8,"1/28/2014",848,24,"Small Market","East",4,"Leaves","Tea","Darjeeling",12,42,"New Hampshire",10,30,20,40,16,"Regular",2.56494935746154,3.46410161513775,3.6914529978149,3.57089490862785
503,32,12,"1/29/2014",482,48,"Small Market","West",8,"Leaves","Tea","Darjeeling",42,85,"Oregon",20,30,30,50,20,"Regular",3.76120011569356,6.48074069840786,6.89614607365233,6.17823996880571
435,35,3,"1/30/2014",248,47,"Small Market","West",11,"Leaves","Tea","Earl Grey",13,87,"Utah",20,30,10,50,38,"Regular",2.63905732961526,3.60555127546399,3.86217948140527,3.71115874981479
435,34,-4,"1/31/2014",211,42,"Small Market","West",12,"Leaves","Tea","Green Tea",1e-05,81,"Utah",20,30,0,50,45,"Regular",9.99995000039884e-06,0.00316227766016838,-3.22792407799438,9.99996225988376e-06
904,24,-2,"2/1/2014",567,32,"Major Market","East",7,"Leaves","Herbal Tea","Chamomile",18,60,"Florida",10,30,20,40,20,"Decaf",2.94443897916644,4.24264068711928,4.60008758198814,4.31681223695035
505,38,18,"2/2/2014",256,51,"Small Market","South",12,"Beans","Espresso","Decaf Espresso",18,95,"New Mexico",30,30,0,60,39,"Decaf",2.94443897916644,4.24264068711928,4.60008758198814,4.31681223695035
775,23,5,"2/3/2014",807,35,"Small Market","West",6,"Beans","Espresso","Decaf Espresso",25,62,"Nevada",20,30,20,50,18,"Decaf",3.25809653802148,5,5.42175934801256,4.9879348473056
563,16,-5,"2/4/2014",851,25,"Small Market","Central",4,"Beans","Coffee","Amaretto",15,44,"Iowa",10,30,20,40,15,"Regular",2.77258872223978,3.87298334620742,4.17781126947552,3.97041716289268
641,31,2,"2/5/2014",1009,38,"Small Market","Central",9,"Beans","Coffee","Colombian",12,74,"Iowa",30,30,10,60,30,"Regular",2.56494935746154,3.46410161513775,3.6914529978149,3.57089490862785
603,20,-24,"2/6/2014",218,25,"Small Market","East",7,"Beans","Espresso","Regular Espresso",1e-05,48,"New Hampshire",10,30,0,40,41,"Regular",9.99995000039884e-06,0.00316227766016838,-3.22792407799438,9.99996225988376e-06
580,29,16,"2/7/2014",490,44,"Small Market","South",8,"Beans","Espresso","Caffe Mocha",36,78,"Oklahoma",20,30,20,50,20,"Regular",3.61091791264422,6,6.43385350527841,5.8071810955365
206,24,-1,"2/8/2014",567,32,"Small Market","West",7,"Beans","Espresso","Caffe Latte",19,60,"Washington",20,30,20,50,19,"Regular",2.99573227355399,4.35889894354067,4.72981827162529,4.42306337524849
503,24,8,"2/9/2014",829,36,"Small Market","West",6,"Leaves","Herbal Tea","Chamomile",28,64,"Oregon",20,30,20,50,17,"Decaf",3.36729582998647,5.29150262212918,5.72453815488877,5.2339636095422
603,16,-5,"2/10/2014",851,25,"Small Market","East",4,"Leaves","Tea","Darjeeling",15,44,"New Hampshire",10,30,20,40,15,"Regular",2.77258872223978,3.87298334620742,4.17781126947552,3.97041716289268
541,29,7,"2/11/2014",490,44,"Small Market","West",8,"Leaves","Tea","Darjeeling",37,78,"Oregon",20,30,30,50,19,"Regular",3.63758615972639,6.08276253029822,6.51446763308446,5.8720332510247
915,76,-2,"2/12/2014",580,111,"Major Market","South",21,"Beans","Espresso","Decaf Espresso",78,187,"Texas",40,80,80,120,33,"Decaf",4.36944785246702,8.83176086632785,8.9837286259325,7.82784399826725
713,52,-44,"2/13/2014",405,71,"Major Market","South",17,"Leaves","Herbal Tea","Chamomile",26,123,"Texas",30,80,70,110,45,"Decaf",3.29583686600433,5.09901951359278,5.52538206968385,5.07222088649086
217,76,-2,"2/14/2014",580,111,"Major Market","Central",21,"Leaves","Tea","Darjeeling",78,187,"Illinois",50,80,80,130,33,"Regular",4.36944785246702,8.83176086632785,8.9837286259325,7.82784399826725
847,72,5,"2/15/2014",650,110,"Major Market","Central",23,"Leaves","Tea","Earl Grey",55,182,"Illinois",50,80,50,130,55,"Regular",4.02535169073515,7.41619848709566,7.75809690902109,6.86452628486549
660,65,-35,"2/16/2014",1053,77,"Small Market","Central",20,"Beans","Coffee","Decaf Irish Cream",35,142,"Missouri",50,80,70,130,42,"Decaf",3.58351893845611,5.91607978309962,6.35165626414742,5.74099212718134
660,32,-52,"2/17/2014",833,47,"Small Market","Central",8,"Beans","Espresso","Decaf Espresso",28,79,"Missouri",30,80,80,110,19,"Decaf",3.36729582998647,5.29150262212918,5.72453815488877,5.2339636095422
405,82,5,"2/18/2014",788,123,"Small Market","South",27,"Beans","Espresso","Decaf Espresso",65,205,"Oklahoma",50,80,60,130,58,"Decaf",4.18965474202643,8.06225774829855,8.32812197646009,7.31437166239047
715,56,-35,"2/19/2014",385,70,"Small Market","Central",21,"Beans","Coffee","Amaretto",15,126,"Wisconsin",40,80,50,120,55,"Regular",2.77258872223978,3.87298334620742,4.17781126947552,3.97041716289268
405,91,6,"2/20/2014",-1785,127,"Small Market","South",28,"Beans","Espresso","Caffe Latte",76,218,"Oklahoma",50,80,70,130,51,"Regular",4.34380542185368,8.71779788708135,8.88811913258737,7.75322041051975
414,60,-23,"2/21/2014",329,99,"Small Market","Central",18,"Leaves","Herbal Tea","Chamomile",57,159,"Wisconsin",40,80,80,120,42,"Decaf",4.06044301054642,7.54983443527075,7.87758533681649,6.95908678053683
419,55,-24,"2/22/2014",410,69,"Major Market","Central",20,"Beans","Espresso","Decaf Espresso",16,124,"Ohio",70,80,40,150,53,"Decaf",2.83321334405622,4,4.32465569998023,4.09095419486471
330,59,-17,"2/23/2014",411,79,"Major Market","Central",19,"Beans","Coffee","Amaretto",33,138,"Ohio",50,80,50,130,46,"Regular",3.52636052461616,5.74456264653803,6.18219544910834,5.60433503985148
650,75,19,"2/24/2014",659,114,"Major Market","West",24,"Leaves","Tea","Green Tea",59,189,"California",50,80,40,130,55,"Regular",4.0943445622221,7.68114574786861,7.9941739155723,7.05121716510255
314,69,-2,"2/25/2014",1060,81,"Small Market","Central",21,"Beans","Coffee","Decaf Irish Cream",38,150,"Missouri",60,80,40,140,43,"Decaf",3.66356164612965,6.16441400296898,6.59357071906458,5.93560973163213
503,46,-18,"2/26/2014",424,68,"Small Market","West",14,"Beans","Coffee","Decaf Irish Cream",32,114,"Oregon",50,80,50,130,36,"Decaf",3.49650756146648,5.65685424949238,6.0947570824873,5.53371887292784
206,75,5,"2/27/2014",1063,89,"Small Market","West",23,"Beans","Espresso","Decaf Espresso",45,164,"Washington",70,80,40,150,44,"Decaf",3.8286413964891,6.70820393249937,7.11008077908889,6.34925473862917
203,61,-8,"2/28/2014",613,86,"Small Market","East",55,"Beans","Espresso","Caffe Mocha",2,147,"Connecticut",60,80,10,140,84,"Regular",1.09861228866811,1.4142135623731,0.770481377816388,1.26081001743391
225,47,-16,"3/1/2014",834,68,"Small Market","South",13,"Beans","Coffee","Colombian",44,115,"Louisiana",50,80,60,130,24,"Regular",3.80666248977032,6.6332495807108,7.03990958496152,6.29321062450087
541,52,-14,"3/2/2014",509,73,"Small Market","West",47,"Beans","Coffee","Amaretto",1e-05,125,"Oregon",60,80,10,140,77,"Regular",9.99995000039884e-06,0.00316227766016838,-3.22792407799438,9.99996225988376e-06
435,53,-23,"3/3/2014",380,71,"Small Market","West",17,"Beans","Coffee","Colombian",27,124,"Utah",60,80,50,140,44,"Regular",3.3322045101752,5.19615242270663,5.62625126507429,5.15418254444888
503,59,-17,"3/4/2014",411,79,"Small Market","West",19,"Beans","Espresso","Caffe Mocha",33,138,"Oregon",50,80,50,130,46,"Regular",3.52636052461616,5.74456264653803,6.18219544910834,5.60433503985148
920,53,-2,"3/5/2014",321,88,"Small Market","Central",16,"Leaves","Herbal Tea","Chamomile",48,141,"Wisconsin",50,80,50,130,40,"Decaf",3.89182029811063,6.92820323027551,7.31425168498385,6.51204702917976
959,54,-9,"3/6/2014",885,78,"Small Market","East",15,"Leaves","Tea","Darjeeling",51,132,"Connecticut",50,80,60,130,27,"Regular",3.95124371858143,7.14142842854285,7.50967516382153,6.66748122627047
740,46,-34,"3/7/2014",422,57,"Major Market","Central",17,"Beans","Espresso","Decaf Espresso",6,103,"Ohio",50,80,40,130,51,"Decaf",1.94591014905531,2.44948974278318,2.37256619803235,2.49367385325655
630,67,7,"3/8/2014",677,101,"Major Market","Central",22,"Leaves","Tea","Earl Grey",47,168,"Illinois",50,80,40,130,54,"Regular",3.87120101090789,6.85565460040104,7.24721322674887,6.45864011136703
518,54,-8,"3/9/2014",601,79,"Major Market","East",15,"Leaves","Tea","Green Tea",52,133,"New York",50,80,60,130,27,"Regular",3.97029191355212,7.21110255092798,7.57302464450383,6.71778694300049
213,67,-3,"3/10/2014",677,101,"Major Market","West",22,"Leaves","Tea","Green Tea",47,168,"California",40,80,50,120,54,"Regular",3.87120101090789,6.85565460040104,7.24721322674887,6.45864011136703
503,41,-25,"3/11/2014",435,60,"Small Market","West",13,"Beans","Coffee","Decaf Irish Cream",25,101,"Oregon",40,80,50,120,35,"Decaf",3.25809653802148,5,5.42175934801256,4.9879348473056
715,65,-8,"3/12/2014",403,80,"Small Market","Central",24,"Beans","Coffee","Amaretto",22,145,"Wisconsin",60,80,30,140,58,"Regular",3.13549421592915,4.69041575982343,5.09235808503701,4.71944589803896
503,47,-27,"3/13/2014",521,65,"Small Market","West",42,"Beans","Coffee","Amaretto",1e-05,112,"Oregon",50,80,20,130,72,"Regular",9.99995000039884e-06,0.00316227766016838,-3.22792407799438,9.99996225988376e-06
801,49,-29,"3/14/2014",392,65,"Small Market","West",16,"Beans","Coffee","Colombian",21,114,"Utah",50,80,50,130,44,"Regular",3.09104245335832,4.58257569495584,4.97558582846753,4.62407670458834
509,65,-7,"3/15/2014",403,80,"Small Market","West",24,"Beans","Espresso","Caffe Mocha",23,145,"Washington",60,80,30,140,57,"Regular",3.17805383034795,4.79583152331272,5.20547167381938,4.81173477068815
985,68,-4,"3/16/2014",619,85,"Small Market","South",25,"Leaves","Herbal Tea","Lemon",26,153,"Louisiana",60,80,30,140,59,"Decaf",3.29583686600433,5.09901951359278,5.52538206968385,5.07222088649086
432,76,36,"3/17/2014",580,111,"Major Market","South",21,"Beans","Espresso","Decaf Espresso",116,199,"Texas",40,80,80,120,33,"Decaf",4.76217393479776,10.770329614269,10.5411283552111,9.03135140468756
325,52,-31,"3/18/2014",405,71,"Major Market","South",17,"Leaves","Herbal Tea","Chamomile",39,131,"Texas",30,80,70,110,45,"Decaf",3.68887945411394,6.2449979983984,6.67122975914856,5.99796739707004
815,76,36,"3/19/2014",580,111,"Major Market","Central",21,"Leaves","Tea","Darjeeling",116,199,"Illinois",50,80,80,130,33,"Regular",4.76217393479776,10.770329614269,10.5411283552111,9.03135140468756
815,72,32,"3/20/2014",650,110,"Major Market","Central",23,"Leaves","Tea","Earl Grey",82,194,"Illinois",50,80,50,130,55,"Regular",4.4188406077966,9.05538513813742,9.16991626645139,7.97291385979823
636,65,-18,"3/21/2014",1053,77,"Small Market","Central",20,"Beans","Coffee","Decaf Irish Cream",52,151,"Missouri",50,80,70,130,42,"Decaf",3.97029191355212,7.21110255092798,7.57302464450383,6.71778694300049
417,32,-38,"3/22/2014",833,47,"Small Market","Central",8,"Beans","Espresso","Decaf Espresso",42,84,"Missouri",30,80,80,110,19,"Decaf",3.76120011569356,6.48074069840786,6.89614607365233,6.17823996880571
405,82,36,"3/23/2014",788,123,"Small Market","South",27,"Beans","Espresso","Decaf Espresso",96,218,"Oklahoma",50,80,60,130,58,"Decaf",4.57471097850338,9.79795897113271,9.7753814775829,8.44240784120844
414,56,-28,"3/24/2014",385,70,"Small Market","Central",21,"Beans","Coffee","Amaretto",22,134,"Wisconsin",40,80,50,120,55,"Regular",3.13549421592915,4.69041575982343,5.09235808503701,4.71944589803896
405,91,43,"3/25/2014",-1785,127,"Small Market","South",28,"Beans","Espresso","Caffe Latte",113,232,"Oklahoma",50,80,70,130,51,"Regular",4.7361984483945,10.6301458127346,10.4324927476184,8.94812092017925
715,60,5,"3/26/2014",329,99,"Small Market","Central",18,"Leaves","Herbal Tea","Chamomile",85,169,"Wisconsin",40,80,80,120,42,"Decaf",4.45434729625351,9.21954445729289,9.3054253855058,8.07829019651326
937,55,-16,"3/27/2014",410,69,"Major Market","Central",20,"Beans","Espresso","Decaf Espresso",24,132,"Ohio",70,80,40,150,53,"Decaf",3.2188758248682,4.89897948556636,5.31519311320155,4.90116517042541
234,59,-1,"3/28/2014",411,79,"Major Market","Central",19,"Beans","Coffee","Amaretto",49,147,"Ohio",50,80,50,130,46,"Regular",3.91202300542815,7,7.38031949905347,6.56463747950631
209,75,48,"3/29/2014",659,114,"Major Market","West",24,"Leaves","Tea","Green Tea",88,201,"California",50,80,40,130,55,"Regular",4.48863636973214,9.38083151964686,9.4376267337951,8.1809273721197
417,69,16,"3/30/2014",1060,81,"Small Market","Central",21,"Beans","Coffee","Decaf Irish Cream",56,160,"Missouri",60,80,40,140,43,"Decaf",4.04305126783455,7.48331477354788,7.81821454618752,6.91211959890164
503,46,-3,"3/31/2014",424,68,"Small Market","West",14,"Beans","Coffee","Decaf Irish Cream",47,121,"Oregon",50,80,50,130,36,"Decaf",3.87120101090789,6.85565460040104,7.24721322674887,6.45864011136703
425,75,27,"4/1/2014",1063,89,"Small Market","West",23,"Beans","Espresso","Decaf Espresso",67,175,"Washington",70,80,40,150,44,"Decaf",4.21950770517611,8.18535277187245,8.43462673607566,7.39806946385375
475,61,-7,"4/2/2014",613,86,"Small Market","East",55,"Beans","Espresso","Caffe Mocha",3,157,"Connecticut",60,80,10,140,84,"Regular",1.38629436111989,1.73205080756888,1.30129723438636,1.65102658940178
318,47,5,"4/3/2014",834,68,"Small Market","South",13,"Beans","Coffee","Colombian",65,123,"Louisiana",50,80,60,130,24,"Regular",4.18965474202643,8.06225774829855,8.32812197646009,7.31437166239047
971,52,-16,"4/4/2014",509,73,"Small Market","West",47,"Beans","Coffee","Amaretto",1e-05,133,"Oregon",60,80,10,140,77,"Regular",9.99995000039884e-06,0.00316227766016838,-3.22792407799438,9.99996225988376e-06
435,53,-10,"4/5/2014",380,71,"Small Market","West",17,"Beans","Coffee","Colombian",40,132,"Utah",60,80,50,140,44,"Regular",3.71357206670431,6.32455532033676,6.7475071511074,6.05915922675012
541,59,-1,"4/6/2014",411,79,"Small Market","West",19,"Beans","Espresso","Caffe Mocha",49,147,"Oregon",50,80,50,130,46,"Regular",3.91202300542815,7,7.38031949905347,6.56463747950631
262,53,21,"4/7/2014",321,88,"Small Market","Central",16,"Leaves","Herbal Tea","Chamomile",71,150,"Wisconsin",50,80,50,130,40,"Decaf",4.27666611901606,8.42614977317636,8.64113527754987,7.56004225651823
860,54,16,"4/8/2014",885,78,"Small Market","East",15,"Leaves","Tea","Darjeeling",76,141,"Connecticut",50,80,60,130,27,"Regular",4.34380542185368,8.71779788708135,8.88811913258737,7.75322041051975
419,46,-31,"4/9/2014",422,57,"Major Market","Central",17,"Beans","Espresso","Decaf Espresso",9,110,"Ohio",50,80,40,130,51,"Decaf",2.30258509299405,3,3.11060681643921,3.09431060815861
708,67,30,"4/10/2014",677,101,"Major Market","Central",22,"Leaves","Tea","Earl Grey",70,179,"Illinois",50,80,40,130,54,"Regular",4.26267987704132,8.36660026534076,8.59028750290873,7.52019869092566
585,54,17,"4/11/2014",601,79,"Major Market","East",15,"Leaves","Tea","Green Tea",77,142,"New York",50,80,60,130,27,"Regular",4.35670882668959,8.77496438739212,8.93614118031312,7.79071274357814
510,67,20,"4/12/2014",677,101,"Major Market","West",22,"Leaves","Tea","Green Tea",70,179,"California",40,80,50,120,54,"Regular",4.26267987704132,8.36660026534076,8.59028750290873,7.52019869092566
541,41,-13,"4/13/2014",435,60,"Small Market","West",13,"Beans","Coffee","Decaf Irish Cream",37,108,"Oregon",40,80,50,120,35,"Decaf",3.63758615972639,6.08276253029822,6.51446763308446,5.8720332510247
920,65,3,"4/14/2014",403,80,"Small Market","Central",24,"Beans","Coffee","Amaretto",33,155,"Wisconsin",60,80,30,140,58,"Regular",3.52636052461616,5.74456264653803,6.18219544910834,5.60433503985148
541,47,-30,"4/15/2014",521,65,"Small Market","West",42,"Beans","Coffee","Amaretto",1e-05,119,"Oregon",50,80,20,130,72,"Regular",9.99995000039884e-06,0.00316227766016838,-3.22792407799438,9.99996225988376e-06
435,49,-19,"4/16/2014",392,65,"Small Market","West",16,"Beans","Coffee","Colombian",31,121,"Utah",50,80,50,130,44,"Regular",3.46573590279973,5.56776436283002,6.00538449812395,5.46146854042967
509,65,4,"4/17/2014",403,80,"Small Market","West",24,"Beans","Espresso","Caffe Mocha",34,155,"Washington",60,80,30,140,57,"Regular",3.55534806148941,5.8309518948453,6.2677982204248,5.67340047857861
318,68,9,"4/18/2014",619,85,"Small Market","South",25,"Leaves","Herbal Tea","Lemon",39,163,"Louisiana",60,80,30,140,59,"Decaf",3.68887945411394,6.2449979983984,6.67122975914856,5.99796739707004
214,39,-54,"4/19/2014",541,51,"Major Market","South",12,"Beans","Coffee","Decaf Irish Cream",26,90,"Texas",40,90,80,130,25,"Decaf",3.29583686600433,5.09901951359278,5.52538206968385,5.07222088649086
936,239,-155,"4/20/2014",1246,281,"Major Market","South",74,"Beans","Coffee","Colombian",185,520,"Texas",350,420,340,770,96,"Regular",5.2257466737132,13.6014705087354,12.626570265809,10.6094512160959
210,123,33,"4/21/2014",915,179,"Major Market","South",34,"Beans","Espresso","Caffe Mocha",133,302,"Texas",70,120,100,190,46,"Regular",4.89783979995091,11.5325625946708,11.1222039303216,9.47477093387252
225,48,-35,"4/22/2014",851,70,"Small Market","South",13,"Beans","Coffee","Decaf Irish Cream",45,118,"Louisiana",70,90,80,160,25,"Decaf",3.8286413964891,6.70820393249937,7.11008077908889,6.34925473862917
225,48,-33,"4/23/2014",829,71,"Small Market","South",13,"Beans","Coffee","Colombian",47,119,"Louisiana",70,90,80,160,24,"Regular",3.87120101090789,6.85565460040104,7.24721322674887,6.45864011136703
505,45,-57,"4/24/2014",447,69,"Small Market","South",14,"Beans","Coffee","Colombian",23,114,"New Mexico",50,110,80,160,46,"Regular",3.17805383034795,4.79583152331272,5.20547167381938,4.81173477068815
918,90,-66,"4/25/2014",572,115,"Small Market","South",29,"Beans","Coffee","Colombian",74,205,"Oklahoma",130,160,140,290,41,"Regular",4.31748811353631,8.60232526704263,8.79073181020461,7.67711912879533
505,25,-22,"4/26/2014",-466,31,"Small Market","South",9,"Beans","Espresso","Caffe Latte",1e-05,56,"New Mexico",10,20,10,30,43,"Regular",9.99995000039884e-06,0.00316227766016838,-3.22792407799438,9.99996225988376e-06
225,103,-23,"4/27/2014",564,133,"Small Market","South",33,"Leaves","Herbal Tea","Chamomile",87,236,"Louisiana",80,130,110,210,46,"Decaf",4.47733681447821,9.32737905308882,9.39391508628923,8.14700914266099
504,79,-26,"4/28/2014",593,98,"Small Market","South",30,"Leaves","Herbal Tea","Lemon",34,177,"Louisiana",60,90,60,150,64,"Decaf",3.55534806148941,5.8309518948453,6.2677982204248,5.67340047857861
405,96,-23,"4/29/2014",683,134,"Small Market","South",87,"Leaves","Herbal Tea","Lemon",17,230,"Oklahoma",80,120,40,200,117,"Decaf",2.89037175789616,4.12310562561766,4.46520877893817,4.20625232123686
956,225,-56,"4/30/2014",1272,265,"Major Market","South",69,"Beans","Coffee","Colombian",174,490,"Texas",260,320,230,580,91,"Regular",5.16478597392351,13.1909059582729,12.3357474557379,10.391543346449
817,75,19,"5/1/2014",-1050,114,"Major Market","South",24,"Beans","Espresso","Caffe Latte",59,189,"Texas",50,90,40,140,55,"Regular",4.0943445622221,7.68114574786861,7.9941739155723,7.05121716510255
409,118,27,"5/2/2014",930,172,"Major Market","South",33,"Beans","Espresso","Caffe Mocha",127,290,"Texas",90,130,100,220,45,"Regular",4.85203026391962,11.2694276695846,10.923394589982,9.32339160847721
918,78,22,"5/3/2014",798,119,"Small Market","South",25,"Beans","Espresso","Decaf Espresso",62,197,"Oklahoma",60,90,40,150,57,"Decaf",4.14313472639153,7.87400787401181,8.16397695266985,7.18516004980608
918,88,-19,"5/4/2014",561,112,"Small Market","South",29,"Beans","Coffee","Colombian",71,200,"Oklahoma",100,130,90,230,41,"Regular",4.27666611901606,8.42614977317636,8.64113527754987,7.56004225651823
918,102,29,"5/5/2014",-2003,143,"Small Market","South",31,"Beans","Espresso","Caffe Latte",89,245,"Oklahoma",80,100,60,180,54,"Regular",4.49980967033027,9.4339811320566,9.48099204425403,8.21455914927136
337,101,5,"5/6/2014",552,130,"Small Market","South",33,"Leaves","Herbal Tea","Chamomile",85,231,"Louisiana",90,120,80,210,45,"Decaf",4.45434729625351,9.21954445729289,9.3054253855058,8.07829019651326
505,15,-1,"5/7/2014",848,24,"Small Market","South",4,"Leaves","Herbal Tea","Chamomile",9,39,"New Mexico",10,20,10,30,15,"Decaf",2.30258509299405,3,3.11060681643921,3.09431060815861
337,82,-2,"5/8/2014",601,102,"Small Market","South",31,"Leaves","Herbal Tea","Lemon",38,184,"Louisiana",70,100,40,170,64,"Decaf",3.66356164612965,6.16441400296898,6.59357071906458,5.93560973163213
580,94,-5,"5/9/2014",694,130,"Small Market","South",85,"Leaves","Herbal Tea","Lemon",15,224,"Oklahoma",80,120,20,200,115,"Decaf",2.77258872223978,3.87298334620742,4.17781126947552,3.97041716289268
972,241,-52,"5/10/2014",1321,284,"Major Market","South",74,"Beans","Coffee","Colombian",188,525,"Texas",280,340,240,620,96,"Regular",5.24174701505964,13.7113092008021,12.7037763705179,10.667187132074
972,123,23,"5/11/2014",959,179,"Major Market","South",34,"Beans","Espresso","Caffe Mocha",133,302,"Texas",90,140,110,230,46,"Regular",4.89783979995091,11.5325625946708,11.1222039303216,9.47477093387252
505,92,-24,"5/12/2014",1898,68,"Small Market","South",28,"Beans","Coffee","Decaf Irish Cream",16,160,"New Mexico",100,90,40,190,52,"Decaf",2.83321334405622,4,4.32465569998023,4.09095419486471
405,88,12,"5/13/2014",817,133,"Small Market","South",29,"Beans","Espresso","Decaf Espresso",72,221,"Oklahoma",60,110,60,170,61,"Decaf",4.29045944114839,8.48528137423857,8.69148417711951,7.5994702873928
318,49,-24,"5/14/2014",845,71,"Small Market","South",13,"Beans","Coffee","Colombian",46,120,"Louisiana",50,90,70,140,25,"Regular",3.85014760171006,6.78232998312527,7.17916874786433,6.40438663695411
505,48,-23,"5/15/2014",462,74,"Small Market","South",15,"Beans","Coffee","Colombian",27,122,"New Mexico",50,90,50,140,47,"Regular",3.3322045101752,5.19615242270663,5.62625126507429,5.15418254444888
405,81,-34,"5/16/2014",551,104,"Small Market","South",26,"Beans","Coffee","Colombian",66,185,"Oklahoma",90,130,100,220,38,"Regular",4.20469261939097,8.12403840463596,8.38165676719249,7.35645630341615
505,20,-5,"5/17/2014",-598,25,"Small Market","South",7,"Beans","Espresso","Caffe Latte",1e-05,45,"New Mexico",10,20,-10,30,40,"Regular",9.99995000039884e-06,0.00316227766016838,-3.22792407799438,9.99996225988376e-06
918,134,31,"5/18/2014",-2248,186,"Small Market","South",41,"Beans","Espresso","Caffe Latte",121,320,"Oklahoma",100,140,90,240,65,"Regular",4.80402104473326,11,10.7178971103063,9.16655754838304
225,94,7,"5/19/2014",540,120,"Small Market","South",31,"Leaves","Herbal Tea","Chamomile",77,214,"Louisiana",80,110,70,190,43,"Decaf",4.35670882668959,8.77496438739212,8.93614118031312,7.79071274357814
505,16,-1,"5/20/2014",851,25,"Small Market","South",4,"Leaves","Herbal Tea","Chamomile",9,41,"New Mexico",10,20,10,30,16,"Decaf",2.30258509299405,3,3.11060681643921,3.09431060815861
580,105,-10,"5/21/2014",716,145,"Small Market","South",95,"Leaves","Herbal Tea","Lemon",20,250,"Oklahoma",90,140,30,230,125,"Decaf",3.04452243772342,4.47213595499958,4.85485350743861,4.52537705589284
281,39,-41,"5/22/2014",541,51,"Major Market","South",12,"Beans","Coffee","Decaf Irish Cream",39,96,"Texas",40,90,80,130,25,"Decaf",3.68887945411394,6.2449979983984,6.67122975914856,5.99796739707004
432,239,-65,"5/23/2014",1246,281,"Major Market","South",74,"Beans","Coffee","Colombian",275,554,"Texas",350,420,340,770,96,"Regular",5.62040086571715,16.583123951777,14.642066255696,12.1017754615008
817,123,97,"5/24/2014",915,179,"Major Market","South",34,"Beans","Espresso","Caffe Mocha",197,322,"Texas",70,120,100,190,46,"Regular",5.28826703069454,14.0356688476182,12.9303388954182,10.8363431629953
985,48,-13,"5/25/2014",851,70,"Small Market","South",13,"Beans","Coffee","Decaf Irish Cream",67,126,"Louisiana",70,90,80,160,25,"Decaf",4.21950770517611,8.18535277187245,8.43462673607566,7.39806946385375
337,48,-10,"5/26/2014",829,71,"Small Market","South",13,"Beans","Coffee","Colombian",70,127,"Louisiana",70,90,80,160,24,"Regular",4.26267987704132,8.36660026534076,8.59028750290873,7.52019869092566
505,45,-46,"5/27/2014",447,69,"Small Market","South",14,"Beans","Coffee","Colombian",34,121,"New Mexico",50,110,80,160,46,"Regular",3.55534806148941,5.8309518948453,6.2677982204248,5.67340047857861
918,90,-30,"5/28/2014",572,115,"Small Market","South",29,"Beans","Coffee","Colombian",110,218,"Oklahoma",130,160,140,290,41,"Regular",4.70953020131233,10.4880884817015,10.3218190455462,8.86322039924573
505,25,-28,"5/29/2014",-466,31,"Small Market","South",9,"Beans","Espresso","Caffe Latte",1e-05,60,"New Mexico",10,20,10,30,43,"Regular",9.99995000039884e-06,0.00316227766016838,-3.22792407799438,9.99996225988376e-06
318,103,19,"5/30/2014",564,133,"Small Market","South",33,"Leaves","Herbal Tea","Chamomile",129,251,"Louisiana",80,130,110,210,46,"Decaf",4.86753445045558,11.3578166916005,10.9903812422994,9.37443553799599
225,79,-10,"5/31/2014",593,98,"Small Market","South",30,"Leaves","Herbal Tea","Lemon",50,189,"Louisiana",60,90,60,150,64,"Decaf",3.93182563272433,7.07106781186548,7.44545010962263,6.61643990582519
918,96,-15,"6/1/2014",683,134,"Small Market","South",87,"Leaves","Herbal Tea","Lemon",25,245,"Oklahoma",80,120,40,200,117,"Decaf",3.25809653802148,5,5.42175934801256,4.9879348473056
432,225,28,"6/2/2014",1272,265,"Major Market","South",69,"Beans","Coffee","Colombian",258,522,"Texas",260,320,230,580,91,"Regular",5.55682806169954,16.062378404209,14.301227844804,11.8515217977895
806,75,48,"6/3/2014",-1050,114,"Major Market","South",24,"Beans","Espresso","Caffe Latte",88,201,"Texas",50,90,40,140,55,"Regular",4.48863636973214,9.38083151964686,9.4376267337951,8.1809273721197
915,118,88,"6/4/2014",930,172,"Major Market","South",33,"Beans","Espresso","Caffe Mocha",188,309,"Texas",90,130,100,220,45,"Regular",5.24174701505964,13.7113092008021,12.7037763705179,10.667187132074
580,78,52,"6/5/2014",798,119,"Small Market","South",25,"Beans","Espresso","Decaf Espresso",92,210,"Oklahoma",60,90,40,150,57,"Decaf",4.53259949315326,9.59166304662544,9.60907487420997,8.31379055609195
918,88,15,"6/6/2014",561,112,"Small Market","South",29,"Beans","Coffee","Colombian",105,213,"Oklahoma",100,130,90,230,41,"Regular",4.66343909411207,10.2469507659596,10.1325713176261,8.71778816834591
405,102,72,"6/7/2014",-2003,143,"Small Market","South",31,"Beans","Espresso","Caffe Latte",132,261,"Oklahoma",80,100,60,180,54,"Regular",4.89034912822175,11.4891252930761,11.08951128132,9.44990129888064
985,101,46,"6/8/2014",552,130,"Small Market","South",33,"Leaves","Herbal Tea","Chamomile",126,246,"Louisiana",90,120,80,210,45,"Decaf",4.84418708645859,11.2249721603218,10.8896240521091,9.29764358549245
505,15,3,"6/9/2014",848,24,"Small Market","South",4,"Leaves","Herbal Tea","Chamomile",13,42,"New Mexico",10,20,10,30,15,"Decaf",2.63905732961526,3.60555127546399,3.86217948140527,3.71115874981479
337,82,16,"6/10/2014",601,102,"Small Market","South",31,"Leaves","Herbal Tea","Lemon",56,196,"Louisiana",70,100,40,170,64,"Decaf",4.04305126783455,7.48331477354788,7.81821454618752,6.91211959890164
405,94,2,"6/11/2014",694,130,"Small Market","South",85,"Leaves","Herbal Tea","Lemon",22,239,"Oklahoma",80,120,20,200,115,"Decaf",3.13549421592915,4.69041575982343,5.09235808503701,4.71944589803896
409,241,39,"6/12/2014",1321,284,"Major Market","South",74,"Beans","Coffee","Colombian",279,559,"Texas",280,340,240,620,96,"Regular",5.63478960316925,16.7032930884901,14.720108301124,12.1589599799779
254,123,87,"6/13/2014",959,179,"Major Market","South",34,"Beans","Espresso","Caffe Mocha",197,322,"Texas",90,140,110,230,46,"Regular",5.28826703069454,14.0356688476182,12.9303388954182,10.8363431629953
505,92,-16,"6/14/2014",1898,68,"Small Market","South",28,"Beans","Coffee","Decaf Irish Cream",24,171,"New Mexico",100,90,40,190,52,"Decaf",3.2188758248682,4.89897948556636,5.31519311320155,4.90116517042541
918,88,47,"6/15/2014",817,133,"Small Market","South",29,"Beans","Espresso","Decaf Espresso",107,236,"Oklahoma",60,110,60,170,61,"Decaf",4.68213122712422,10.3440804327886,10.2090118241588,8.77656980373194
985,49,-2,"6/16/2014",845,71,"Small Market","South",13,"Beans","Coffee","Colombian",68,128,"Louisiana",50,90,70,140,25,"Regular",4.23410650459726,8.24621125123532,8.48704614086559,7.4392232443312
505,48,-10,"6/17/2014",462,74,"Small Market","South",15,"Beans","Coffee","Colombian",40,130,"New Mexico",50,90,50,140,47,"Regular",3.71357206670431,6.32455532033676,6.7475071511074,6.05915922675012
580,81,-2,"6/18/2014",551,104,"Small Market","South",26,"Beans","Coffee","Colombian",98,197,"Oklahoma",90,130,100,220,38,"Regular",4.59511985013459,9.89949493661167,9.85672049777662,8.50522019122891
505,20,-12,"6/19/2014",-598,25,"Small Market","South",7,"Beans","Espresso","Caffe Latte",1e-05,48,"New Mexico",10,20,-10,30,40,"Regular",9.99995000039884e-06,0.00316227766016838,-3.22792407799438,9.99996225988376e-06
918,134,90,"6/20/2014",-2248,186,"Small Market","South",41,"Beans","Espresso","Caffe Latte",180,341,"Oklahoma",100,140,90,240,65,"Regular",5.19849703126583,13.4164078649987,12.4959224477935,10.5116429841356
985,94,44,"6/21/2014",540,120,"Small Market","South",31,"Leaves","Herbal Tea","Chamomile",114,228,"Louisiana",80,110,70,190,43,"Decaf",4.74493212836325,10.6770782520313,10.4689265558858,8.97604618873673
505,16,3,"6/22/2014",851,25,"Small Market","South",4,"Leaves","Herbal Tea","Chamomile",13,44,"New Mexico",10,20,10,30,16,"Decaf",2.63905732961526,3.60555127546399,3.86217948140527,3.71115874981479
580,105,0,"6/23/2014",716,145,"Small Market","South",95,"Leaves","Herbal Tea","Lemon",30,266,"Oklahoma",90,140,30,230,125,"Decaf",3.43398720448515,5.47722557505166,5.91397038224061,5.38749333359726
860,125,-15,"6/24/2014",1119,188,"Small Market","East",41,"Beans","Coffee","Colombian",115,313,"Connecticut",100,160,130,260,73,"Regular",4.75359019110636,10.7238052947636,10.5051373293819,9.0037887653066
203,60,-39,"6/25/2014",606,84,"Small Market","East",54,"Beans","Espresso","Caffe Mocha",1,144,"Connecticut",40,90,40,130,83,"Regular",0.693147180559945,1,0,0.7555321818971
203,130,-8,"6/26/2014",1134,195,"Small Market","East",42,"Beans","Coffee","Colombian",122,325,"Connecticut",110,180,130,290,73,"Regular",4.81218435537242,11.0453610171873,10.7526345706633,9.19309493375962
203,115,-5,"6/27/2014",1166,174,"Small Market","East",37,"Beans","Coffee","Colombian",105,289,"Connecticut",100,160,110,260,69,"Regular",4.66343909411207,10.2469507659596,10.1325713176261,8.71778816834591
203,125,41,"6/28/2014",1119,188,"Small Market","East",41,"Beans","Coffee","Colombian",171,334,"Connecticut",100,160,130,260,73,"Regular",5.14749447681345,13.076696830622,12.2542065749354,10.3303244495318
959,60,-39,"6/29/2014",606,84,"Small Market","East",54,"Beans","Espresso","Caffe Mocha",1,153,"Connecticut",40,90,40,130,83,"Regular",0.693147180559945,1,0,0.7555321818971
203,130,51,"6/30/2014",1134,195,"Small Market","East",42,"Beans","Coffee","Colombian",181,346,"Connecticut",110,180,130,290,73,"Regular",5.2040066870768,13.4536240470737,12.5222534031402,10.5313663395816
959,115,46,"7/1/2014",1166,174,"Small Market","East",37,"Beans","Coffee","Colombian",156,308,"Connecticut",100,160,110,260,69,"Regular",5.05624580534831,12.4899959967968,11.83074868664,10.0115311196831
561,91,-14,"7/2/2014",656,127,"Major Market","East",28,"Beans","Coffee","Decaf Irish Cream",76,218,"Florida",70,110,90,180,51,"Decaf",4.34380542185368,8.71779788708135,8.88811913258737,7.75322041051975
239,86,-30,"7/3/2014",547,116,"Major Market","East",28,"Beans","Espresso","Decaf Espresso",60,202,"Florida",70,110,90,180,56,"Decaf",4.11087386417331,7.74596669241483,8.05143297459921,7.09641544813305
407,82,-26,"7/4/2014",788,123,"Major Market","East",27,"Beans","Coffee","Colombian",64,205,"Florida",60,110,90,170,59,"Regular",4.17438726989564,8,8.27400751061499,7.27180293212449
857,72,18,"7/5/2014",-3004,402,"Major Market","East",23,"Beans","Coffee","Colombian",348,474,"Massachusetts",50,350,330,400,54,"Regular",5.85507192220243,18.6547581061776,15.9575679423819,13.0600796685046
315,260,17,"7/6/2014",2548,390,"Major Market","East",91,"Beans","Coffee","Colombian",247,650,"New York",210,330,230,540,143,"Regular",5.51342874616498,15.7162336455017,14.0722198768646,11.6829076017615
239,96,-32,"7/7/2014",683,134,"Major Market","East",87,"Beans","Espresso","Caffe Mocha",18,230,"Florida",80,130,50,210,116,"Regular",2.94443897916644,4.24264068711928,4.60008758198814,4.31681223695035
845,125,-32,"7/8/2014",3142,-56,"Major Market","East",113,"Beans","Espresso","Caffe Mocha",1e-05,69,"New York",110,-60,-170,50,146,"Regular",9.99995000039884e-06,0.00316227766016838,-3.22792407799438,9.99996225988376e-06
781,161,-28,"7/9/2014",1267,161,"Major Market","East",45,"Beans","Espresso","Regular Espresso",92,322,"Massachusetts",140,160,120,300,69,"Regular",4.53259949315326,9.59166304662544,9.60907487420997,8.31379055609195
718,239,-15,"7/10/2014",1197,526,"Major Market","East",66,"Beans","Espresso","Regular Espresso",435,765,"New York",210,510,450,720,91,"Regular",6.07764224334903,20.8566536146142,17.2931657756755,14.0213594712263
386,22,-10,"7/11/2014",573,29,"Major Market","East",7,"Leaves","Herbal Tea","Chamomile",10,51,"Florida",0,20,20,20,19,"Decaf",2.39789527279837,3.16227766016838,3.31754104989627,3.26390635106194
845,255,59,"7/12/2014",1622,258,"Major Market","East",96,"Leaves","Herbal Tea","Lemon",129,513,"New York",140,150,70,290,129,"Decaf",4.86753445045558,11.3578166916005,10.9903812422994,9.37443553799599
315,239,-70,"7/13/2014",4360,-75,"Major Market","East",74,"Leaves","Herbal Tea","Mint",1e-05,164,"New York",130,-50,-100,80,95,"Decaf",9.99995000039884e-06,0.00316227766016838,-3.22792407799438,9.99996225988376e-06
516,108,-25,"7/14/2014",971,157,"Major Market","East",30,"Leaves","Tea","Darjeeling",115,265,"New York",110,170,140,280,42,"Regular",4.75359019110636,10.7238052947636,10.5051373293819,9.0037887653066
716,123,-26,"7/15/2014",915,179,"Major Market","East",34,"Leaves","Tea","Earl Grey",134,302,"New York",130,190,160,320,45,"Regular",4.90527477843843,11.5758369027902,11.1547249625856,9.49950087269366
518,76,-22,"7/16/2014",580,111,"Major Market","East",21,"Leaves","Tea","Green Tea",78,187,"New York",80,120,100,200,33,"Regular",4.36944785246702,8.83176086632785,8.9837286259325,7.82784399826725
772,102,-1,"7/17/2014",666,143,"Major Market","East",31,"Beans","Coffee","Decaf Irish Cream",89,245,"Florida",90,130,90,220,54,"Decaf",4.49980967033027,9.4339811320566,9.48099204425403,8.21455914927136
561,77,-9,"7/18/2014",557,103,"Major Market","East",25,"Beans","Espresso","Decaf Espresso",51,180,"Florida",70,100,60,170,52,"Decaf",3.95124371858143,7.14142842854285,7.50967516382153,6.66748122627047
754,78,3,"7/19/2014",798,119,"Major Market","East",25,"Beans","Coffee","Colombian",63,197,"Florida",70,100,60,170,56,"Regular",4.15888308335967,7.93725393319377,8.21929788626494,7.22873696642026
978,75,24,"7/20/2014",-3287,379,"Major Market","East",24,"Beans","Coffee","Colombian",324,454,"Massachusetts",60,340,300,400,55,"Regular",5.78382518232974,18,15.5484168925647,12.7632853308469
347,249,6,"7/21/2014",2580,374,"Major Market","East",87,"Beans","Coffee","Colombian",236,623,"New York",220,340,230,560,138,"Regular",5.46806014113513,15.3622914957372,13.8359570610996,11.5085501000311
754,94,-5,"7/22/2014",694,130,"Major Market","East",85,"Beans","Espresso","Caffe Mocha",15,224,"Florida",90,120,20,210,115,"Regular",2.77258872223978,3.87298334620742,4.17781126947552,3.97041716289268
347,121,-12,"7/23/2014",3385,-60,"Major Market","East",109,"Beans","Espresso","Caffe Mocha",1e-05,61,"New York",110,-60,-190,50,142,"Regular",9.99995000039884e-06,0.00316227766016838,-3.22792407799438,9.99996225988376e-06
508,181,-12,"7/24/2014",1283,182,"Major Market","East",50,"Beans","Espresso","Regular Espresso",108,363,"Massachusetts",170,180,120,350,74,"Regular",4.69134788222914,10.3923048454133,10.2468574715245,8.80565297672304
646,211,-9,"7/25/2014",933,464,"Major Market","East",59,"Beans","Espresso","Regular Espresso",381,675,"New York",200,460,390,660,83,"Regular",5.94542060860658,19.5192212959431,16.4890667753848,13.4439809617639
561,22,1,"7/26/2014",570,30,"Major Market","East",7,"Leaves","Herbal Tea","Chamomile",11,52,"Florida",10,20,10,30,19,"Decaf",2.484906649788,3.3166247903554,3.51045471219615,3.42223420542126
631,245,64,"7/27/2014",1704,331,"Major Market","East",93,"Leaves","Herbal Tea","Lemon",204,576,"New York",180,240,140,420,127,"Decaf",5.32300997913841,14.2828568570857,13.1015942766173,10.9639400021583
914,225,-36,"7/28/2014",4742,-65,"Major Market","East",69,"Leaves","Herbal Tea","Mint",1e-05,160,"New York",160,-50,-120,110,91,"Decaf",9.99995000039884e-06,0.00316227766016838,-3.22792407799438,9.99996225988376e-06
518,81,-6,"7/29/2014",984,117,"Major Market","East",22,"Leaves","Tea","Darjeeling",84,198,"New York",80,120,90,200,33,"Regular",4.44265125649032,9.16515138991168,9.26063309000394,8.04347745052108
315,118,-3,"7/30/2014",930,172,"Major Market","East",33,"Leaves","Tea","Earl Grey",127,290,"New York",120,170,130,290,45,"Regular",4.85203026391962,11.2694276695846,10.923394589982,9.32339160847721
813,134,12,"7/31/2014",690,186,"Major Market","East",41,"Beans","Coffee","Decaf Irish Cream",122,320,"Florida",120,160,110,280,64,"Decaf",4.81218435537242,11.0453610171873,10.7526345706633,9.19309493375962
407,83,-12,"8/1/2014",575,112,"Major Market","East",27,"Beans","Espresso","Decaf Espresso",58,195,"Florida",80,110,70,190,54,"Decaf",4.07753744390572,7.61577310586391,7.93623142133969,7.0054466527428
754,88,-7,"8/2/2014",817,133,"Major Market","East",29,"Beans","Coffee","Colombian",73,221,"Florida",70,120,80,190,60,"Regular",4.30406509320417,8.54400374531753,8.7413459242933,7.63849272152917
351,67,30,"8/3/2014",-3534,443,"Major Market","East",22,"Beans","Coffee","Colombian",390,510,"Massachusetts",60,390,360,450,53,"Regular",5.96870755998537,19.7484176581315,16.6283943828243,13.544315934016
845,279,21,"8/4/2014",2642,420,"Major Market","East",97,"Beans","Coffee","Colombian",271,699,"New York",250,370,250,620,149,"Regular",5.605802066296,16.4620776331543,14.5632255030824,12.0439619222667
305,105,-9,"8/5/2014",716,145,"Major Market","East",95,"Beans","Espresso","Caffe Mocha",21,250,"Florida",100,140,30,240,124,"Regular",3.09104245335832,4.58257569495584,4.97558582846753,4.62407670458834
212,135,-14,"8/6/2014",3641,-69,"Major Market","East",122,"Beans","Espresso","Caffe Mocha",1e-05,66,"New York",130,-70,-210,60,155,"Regular",9.99995000039884e-06,0.00316227766016838,-3.22792407799438,9.99996225988376e-06
351,153,7,"8/7/2014",1319,153,"Major Market","East",42,"Beans","Espresso","Regular Espresso",87,306,"Massachusetts",150,140,80,290,66,"Regular",4.47733681447821,9.32737905308882,9.39391508628923,8.14700914266099
718,250,-8,"8/8/2014",723,407,"Major Market","East",70,"Beans","Espresso","Regular Espresso",312,657,"New York",240,400,320,640,95,"Regular",5.74620319054015,17.6635217326557,15.3358415290609,12.6086417268099
607,294,99,"8/9/2014",1727,453,"Major Market","East",111,"Leaves","Herbal Tea","Lemon",309,747,"New York",220,320,210,540,144,"Decaf",5.73657229747919,17.5783958312469,15.2818059087013,12.5692831456893
716,241,-39,"8/10/2014",5121,-93,"Major Market","East",74,"Leaves","Herbal Tea","Mint",1e-05,148,"New York",180,-80,-150,100,96,"Decaf",9.99995000039884e-06,0.00316227766016838,-3.22792407799438,9.99996225988376e-06
716,86,-1,"8/11/2014",1003,124,"Major Market","East",24,"Leaves","Tea","Darjeeling",89,210,"New York",90,120,90,210,35,"Regular",4.49980967033027,9.4339811320566,9.48099204425403,8.21455914927136
718,123,-17,"8/12/2014",959,179,"Major Market","East",34,"Leaves","Tea","Earl Grey",133,302,"New York",120,190,150,310,46,"Regular",4.89783979995091,11.5325625946708,11.1222039303216,9.47477093387252
772,91,23,"8/13/2014",656,127,"Major Market","East",28,"Beans","Coffee","Decaf Irish Cream",113,232,"Florida",70,110,90,180,51,"Decaf",4.7361984483945,10.6301458127346,10.4324927476184,8.94812092017925
321,86,-1,"8/14/2014",547,116,"Major Market","East",28,"Beans","Espresso","Decaf Espresso",89,215,"Florida",70,110,90,180,56,"Decaf",4.49980967033027,9.4339811320566,9.48099204425403,8.21455914927136
954,82,5,"8/15/2014",788,123,"Major Market","East",27,"Beans","Coffee","Colombian",95,218,"Florida",60,110,90,170,59,"Regular",4.56434819146784,9.74679434480896,9.7342665053767,8.41063442425573
857,72,186,"8/16/2014",-3004,402,"Major Market","East",23,"Beans","Coffee","Colombian",516,505,"Massachusetts",50,350,330,400,54,"Regular",6.24804287450843,22.7156333832011,18.3773581429197,14.7936029607187
716,260,137,"8/17/2014",2548,390,"Major Market","East",91,"Beans","Coffee","Colombian",367,693,"New York",210,330,230,540,143,"Regular",5.90808293816893,19.157244060668,16.2676818260697,13.2842974661948
727,96,-23,"8/18/2014",683,134,"Major Market","East",87,"Beans","Espresso","Caffe Mocha",27,245,"Florida",80,130,50,210,116,"Regular",3.3322045101752,5.19615242270663,5.62625126507429,5.15418254444888
914,125,-130,"8/19/2014",3142,-56,"Major Market","East",113,"Beans","Espresso","Caffe Mocha",1e-05,74,"New York",110,-60,-170,50,146,"Regular",9.99995000039884e-06,0.00316227766016838,-3.22792407799438,9.99996225988376e-06
508,161,17,"8/20/2014",1267,161,"Major Market","East",45,"Beans","Espresso","Regular Espresso",137,343,"Massachusetts",140,160,120,300,69,"Regular",4.92725368515721,11.7046999107196,11.2512798594331,9.57287043842253
212,239,196,"8/21/2014",1197,526,"Major Market","East",66,"Beans","Espresso","Regular Espresso",646,815,"New York",210,510,450,720,91,"Regular",6.4723462945009,25.4165300542777,19.8912804557978,15.8605851369973
904,22,-5,"8/22/2014",573,29,"Major Market","East",7,"Leaves","Herbal Tea","Chamomile",15,54,"Florida",0,20,20,20,19,"Decaf",2.77258872223978,3.87298334620742,4.17781126947552,3.97041716289268
585,255,121,"8/23/2014",1622,258,"Major Market","East",96,"Leaves","Herbal Tea","Lemon",191,547,"New York",140,150,70,290,129,"Decaf",5.25749537202778,13.8202749610853,12.7801248165016,10.7242353965977
631,239,-152,"8/24/2014",4360,-75,"Major Market","East",74,"Leaves","Herbal Tea","Mint",1e-05,175,"New York",130,-50,-100,80,95,"Decaf",9.99995000039884e-06,0.00316227766016838,-3.22792407799438,9.99996225988376e-06
585,108,31,"8/25/2014",971,157,"Major Market","East",30,"Leaves","Tea","Darjeeling",171,282,"New York",110,170,140,280,42,"Regular",5.14749447681345,13.076696830622,12.2542065749354,10.3303244495318
718,123,39,"8/26/2014",915,179,"Major Market","East",34,"Leaves","Tea","Earl Grey",199,322,"New York",130,190,160,320,45,"Regular",5.29831736654804,14.1067359796659,12.9796979189645,10.8731423239938
607,76,16,"8/27/2014",580,111,"Major Market","East",21,"Leaves","Tea","Green Tea",116,199,"New York",80,120,100,200,33,"Regular",4.76217393479776,10.770329614269,10.5411283552111,9.03135140468756
904,102,42,"8/28/2014",666,143,"Major Market","East",31,"Beans","Coffee","Decaf Irish Cream",132,261,"Florida",90,130,90,220,54,"Decaf",4.89034912822175,11.4891252930761,11.08951128132,9.44990129888064
772,77,16,"8/29/2014",557,103,"Major Market","East",25,"Beans","Espresso","Decaf Espresso",76,192,"Florida",70,100,60,170,52,"Decaf",4.34380542185368,8.71779788708135,8.88811913258737,7.75322041051975
786,78,33,"8/30/2014",798,119,"Major Market","East",25,"Beans","Coffee","Colombian",93,210,"Florida",70,100,60,170,56,"Regular",4.54329478227,9.64365076099295,9.65111880416095,8.34633050168491
857,75,181,"8/31/2014",-3287,379,"Major Market","East",24,"Beans","Coffee","Colombian",481,484,"Massachusetts",60,340,300,400,55,"Regular",6.1779441140506,21.9317121994613,17.924660081923,14.4720092958605
607,249,120,"9/1/2014",2580,374,"Major Market","East",87,"Beans","Coffee","Colombian",350,664,"New York",220,340,230,560,138,"Regular",5.86078622346587,18.7082869338697,15.9907614313856,13.0841092311541
813,94,2,"9/2/2014",694,130,"Major Market","East",85,"Beans","Espresso","Caffe Mocha",22,239,"Florida",90,120,20,210,115,"Regular",3.13549421592915,4.69041575982343,5.09235808503701,4.71944589803896
914,121,-110,"9/3/2014",3385,-60,"Major Market","East",109,"Beans","Espresso","Caffe Mocha",1e-05,65,"New York",110,-60,-190,50,142,"Regular",9.99995000039884e-06,0.00316227766016838,-3.22792407799438,9.99996225988376e-06
617,181,40,"9/4/2014",1283,182,"Major Market","East",50,"Beans","Espresso","Regular Espresso",160,387,"Massachusetts",170,180,120,350,74,"Regular",5.08140436498446,12.6491106406735,11.9463635932822,10.0987160191093
917,211,175,"9/5/2014",933,464,"Major Market","East",59,"Beans","Espresso","Regular Espresso",565,719,"New York",200,460,390,660,83,"Regular",6.33859407820318,23.7697286480094,18.9763435136864,15.2172931127464
727,22,6,"9/6/2014",570,30,"Major Market","East",7,"Leaves","Herbal Tea","Chamomile",16,55,"Florida",10,20,10,30,19,"Decaf",2.83321334405622,4,4.32465569998023,4.09095419486471
585,245,163,"9/7/2014",1704,331,"Major Market","East",93,"Leaves","Herbal Tea","Lemon",303,614,"New York",180,240,140,420,127,"Decaf",5.71702770140622,17.4068951855292,15.1726230323813,12.4896953441495
518,225,-112,"9/8/2014",4742,-65,"Major Market","East",69,"Leaves","Herbal Tea","Mint",1e-05,171,"New York",160,-50,-120,110,91,"Decaf",9.99995000039884e-06,0.00316227766016838,-3.22792407799438,9.99996225988376e-06
516,81,35,"9/9/2014",984,117,"Major Market","East",22,"Leaves","Tea","Darjeeling",125,211,"New York",80,120,90,200,33,"Regular",4.83628190695148,11.1803398874989,10.8556653753464,9.27174207446754
914,118,58,"9/10/2014",930,172,"Major Market","East",33,"Leaves","Tea","Earl Grey",188,309,"New York",120,170,130,290,45,"Regular",5.24174701505964,13.7113092008021,12.7037763705179,10.667187132074
727,134,71,"9/11/2014",690,186,"Major Market","East",41,"Beans","Coffee","Decaf Irish Cream",181,341,"Florida",120,160,110,280,64,"Decaf",5.2040066870768,13.4536240470737,12.5222534031402,10.5313663395816
386,83,16,"9/12/2014",575,112,"Major Market","East",27,"Beans","Espresso","Decaf Espresso",86,208,"Florida",80,110,70,190,54,"Decaf",4.46590811865458,9.2736184954957,9.3498503066332,8.11279872393261
407,88,28,"9/13/2014",817,133,"Major Market","East",29,"Beans","Coffee","Colombian",108,236,"Florida",70,120,80,190,60,"Regular",4.69134788222914,10.3923048454133,10.2468574715245,8.80565297672304
351,67,219,"9/14/2014",-3534,443,"Major Market","East",22,"Beans","Coffee","Colombian",579,543,"Massachusetts",60,390,360,450,53,"Regular",6.36302810354046,24.0624188310319,19.1407669483983,15.3332410437073
315,279,152,"9/15/2014",2642,420,"Major Market","East",97,"Beans","Coffee","Colombian",402,745,"New York",250,370,250,620,149,"Regular",5.99893656194668,20.0499376557634,16.8107060202179,13.67541911817
305,105,1,"9/16/2014",716,145,"Major Market","East",95,"Beans","Espresso","Caffe Mocha",31,266,"Florida",100,140,30,240,124,"Regular",3.46573590279973,5.56776436283002,6.00538449812395,5.46146854042967
845,135,-122,"9/17/2014",3641,-69,"Major Market","East",122,"Beans","Espresso","Caffe Mocha",1e-05,70,"New York",130,-70,-210,60,155,"Regular",9.99995000039884e-06,0.00316227766016838,-3.22792407799438,9.99996225988376e-06
857,153,49,"9/18/2014",1319,153,"Major Market","East",42,"Beans","Espresso","Regular Espresso",129,326,"Massachusetts",150,140,80,290,66,"Regular",4.86753445045558,11.3578166916005,10.9903812422994,9.37443553799599
518,250,143,"9/19/2014",723,407,"Major Market","East",70,"Beans","Espresso","Regular Espresso",463,700,"New York",240,400,320,640,95,"Regular",6.13988455222626,21.51743479135,17.682811008593,14.2997040377293
631,294,249,"9/20/2014",1727,453,"Major Market","East",111,"Leaves","Herbal Tea","Lemon",459,796,"New York",220,320,210,540,144,"Decaf",6.13122648948314,21.4242852856285,17.628176006409,14.2607307886044
716,241,-130,"9/21/2014",5121,-93,"Major Market","East",74,"Leaves","Herbal Tea","Mint",1e-05,158,"New York",180,-80,-150,100,96,"Decaf",9.99995000039884e-06,0.00316227766016838,-3.22792407799438,9.99996225988376e-06
718,86,42,"9/22/2014",1003,124,"Major Market","East",24,"Leaves","Tea","Darjeeling",132,224,"New York",90,120,90,210,35,"Regular",4.89034912822175,11.4891252930761,11.08951128132,9.44990129888064
518,123,47,"9/23/2014",959,179,"Major Market","East",34,"Leaves","Tea","Earl Grey",197,322,"New York",120,190,150,310,46,"Regular",5.28826703069454,14.0356688476182,12.9303388954182,10.8363431629953
719,108,-34,"9/24/2014",971,157,"Major Market","Central",30,"Beans","Coffee","Decaf Irish Cream",116,265,"Colorado",100,160,150,260,41,"Decaf",4.76217393479776,10.770329614269,10.5411283552111,9.03135140468756
815,122,-45,"9/25/2014",789,176,"Major Market","Central",39,"Beans","Coffee","Decaf Irish Cream",115,298,"Illinois",110,190,160,300,61,"Decaf",4.75359019110636,10.7238052947636,10.5051373293819,9.0037887653066
303,72,-74,"9/26/2014",650,110,"Major Market","Central",23,"Beans","Espresso","Decaf Espresso",56,182,"Colorado",100,160,130,260,54,"Decaf",4.04305126783455,7.48331477354788,7.81821454618752,6.91211959890164
312,239,-151,"9/27/2014",1755,239,"Major Market","Central",66,"Beans","Espresso","Decaf Espresso",149,478,"Illinois",340,370,300,710,90,"Decaf",5.01063529409626,12.2065556157337,11.6233268240407,9.85483650050488
614,54,-58,"9/28/2014",404,66,"Major Market","Central",20,"Beans","Espresso","Decaf Espresso",12,120,"Ohio",70,100,70,170,54,"Decaf",2.56494935746154,3.46410161513775,3.6914529978149,3.57089490862785
970,123,-27,"9/29/2014",915,179,"Major Market","Central",34,"Beans","Coffee","Amaretto",133,302,"Colorado",120,180,160,300,46,"Regular",4.89783979995091,11.5325625946708,11.1222039303216,9.47477093387252
815,154,-40,"9/30/2014",1132,213,"Major Market","Central",50,"Beans","Coffee","Colombian",120,367,"Illinois",150,220,160,370,93,"Regular",4.79579054559674,10.9544511501033,10.6829581039153,9.1398554658352
303,76,-91,"10/1/2014",580,111,"Major Market","Central",21,"Beans","Espresso","Caffe Mocha",79,187,"Colorado",100,180,170,280,32,"Regular",4.38202663467388,8.88819441731559,9.03089089968387,7.86462215736974
815,257,-196,"10/2/2014",1662,341,"Major Market","Central",84,"Beans","Espresso","Caffe Mocha",224,598,"Illinois",370,520,420,890,117,"Regular",5.41610040220442,14.9666295470958,13.5692525298903,11.3112302139075
567,161,-98,"10/3/2014",1267,161,"Major Market","Central",45,"Beans","Espresso","Caffe Mocha",92,322,"Ohio",230,240,190,470,69,"Regular",4.53259949315326,9.59166304662544,9.60907487420997,8.31379055609195
719,161,-18,"10/4/2014",1267,161,"Major Market","Central",45,"Leaves","Herbal Tea","Chamomile",92,322,"Colorado",120,140,110,260,69,"Decaf",4.53259949315326,9.59166304662544,9.60907487420997,8.31379055609195
708,123,-7,"10/5/2014",915,179,"Major Market","Central",34,"Leaves","Herbal Tea","Chamomile",133,302,"Illinois",90,150,140,240,46,"Decaf",4.89783979995091,11.5325625946708,11.1222039303216,9.47477093387252
815,108,-4,"10/6/2014",971,157,"Major Market","Central",30,"Leaves","Herbal Tea","Mint",116,265,"Illinois",80,130,120,210,41,"Decaf",4.76217393479776,10.770329614269,10.5411283552111,9.03135140468756
234,82,5,"10/7/2014",788,123,"Major Market","Central",27,"Leaves","Tea","Darjeeling",65,205,"Ohio",50,90,60,140,58,"Regular",4.18965474202643,8.06225774829855,8.32812197646009,7.31437166239047
614,91,-4,"10/8/2014",656,127,"Major Market","Central",28,"Leaves","Tea","Earl Grey",76,218,"Ohio",50,100,80,150,51,"Regular",4.34380542185368,8.71779788708135,8.88811913258737,7.75322041051975
720,90,-6,"10/9/2014",572,115,"Major Market","Central",29,"Leaves","Tea","Green Tea",74,205,"Colorado",50,90,80,140,41,"Regular",4.31748811353631,8.60232526704263,8.79073181020461,7.67711912879533
641,10,-12,"10/10/2014",598,13,"Small Market","Central",3,"Beans","Coffee","Decaf Irish Cream",1e-05,23,"Iowa",0,10,10,10,15,"Decaf",9.99995000039884e-06,0.00316227766016838,-3.22792407799438,9.99996225988376e-06
715,86,-39,"10/11/2014",547,116,"Small Market","Central",28,"Beans","Coffee","Decaf Irish Cream",61,202,"Wisconsin",80,120,100,200,55,"Decaf",4.12713438504509,7.81024967590665,8.10802785168496,7.14105786339902
816,79,-35,"10/12/2014",593,98,"Small Market","Central",30,"Beans","Coffee","Colombian",35,177,"Missouri",70,100,70,170,63,"Regular",3.58351893845611,5.91607978309962,6.35165626414742,5.74099212718134
715,96,-42,"10/13/2014",683,134,"Small Market","Central",87,"Beans","Coffee","Colombian",18,230,"Wisconsin",90,140,60,230,116,"Regular",2.94443897916644,4.24264068711928,4.60008758198814,4.31681223695035
314,40,-54,"10/14/2014",881,59,"Small Market","Central",11,"Beans","Espresso","Caffe Mocha",36,99,"Missouri",50,90,90,140,23,"Regular",3.61091791264422,6,6.43385350527841,5.8071810955365
608,80,-72,"10/15/2014",1055,94,"Small Market","Central",24,"Beans","Espresso","Caffe Mocha",48,174,"Wisconsin",110,140,120,250,46,"Regular",3.89182029811063,6.92820323027551,7.31425168498385,6.51204702917976
712,257,14,"10/16/2014",1662,341,"Small Market","Central",84,"Leaves","Herbal Tea","Chamomile",224,598,"Iowa",200,280,210,480,117,"Decaf",5.41610040220442,14.9666295470958,13.5692525298903,11.3112302139075
641,122,-16,"10/17/2014",789,176,"Small Market","Central",39,"Leaves","Herbal Tea","Lemon",114,298,"Iowa",90,150,130,240,62,"Decaf",4.74493212836325,10.6770782520313,10.4689265558858,8.97604618873673
573,86,-36,"10/18/2014",1698,23,"Small Market","Central",26,"Leaves","Herbal Tea","Lemon",1e-05,109,"Missouri",60,20,10,80,49,"Decaf",9.99995000039884e-06,0.00316227766016838,-3.22792407799438,9.99996225988376e-06
563,239,39,"10/19/2014",1755,239,"Small Market","Central",66,"Leaves","Tea","Darjeeling",149,478,"Iowa",170,170,110,340,90,"Regular",5.01063529409626,12.2065556157337,11.6233268240407,9.85483650050488
563,255,53,"10/20/2014",1756,312,"Small Market","Central",96,"Leaves","Tea","Earl Grey",183,567,"Iowa",170,230,130,400,129,"Regular",5.21493575760899,13.5277492584687,12.5746113519889,10.5705689420205
417,25,-11,"10/21/2014",209,31,"Small Market","Central",9,"Leaves","Tea","Earl Grey",1e-05,56,"Missouri",10,20,0,30,42,"Regular",9.99995000039884e-06,0.00316227766016838,-3.22792407799438,9.99996225988376e-06
970,81,4,"10/22/2014",984,117,"Major Market","Central",22,"Beans","Coffee","Decaf Irish Cream",84,198,"Colorado",80,110,80,190,33,"Decaf",4.44265125649032,9.16515138991168,9.26063309000394,8.04347745052108
815,113,-4,"10/23/2014",803,165,"Major Market","Central",36,"Beans","Coffee","Decaf Irish Cream",106,278,"Illinois",110,160,110,270,59,"Decaf",4.67282883446191,10.295630140987,10.1709177719105,8.74728265332988
303,75,-42,"10/24/2014",659,114,"Major Market","Central",24,"Beans","Espresso","Decaf Espresso",58,189,"Colorado",90,150,100,240,56,"Decaf",4.07753744390572,7.61577310586391,7.93623142133969,7.0054466527428
847,211,-71,"10/25/2014",1778,212,"Major Market","Central",59,"Beans","Espresso","Decaf Espresso",129,423,"Illinois",270,270,200,540,83,"Decaf",4.86753445045558,11.3578166916005,10.9903812422994,9.37443553799599
970,118,-2,"10/26/2014",930,172,"Major Market","Central",33,"Beans","Coffee","Amaretto",128,290,"Colorado",110,170,130,280,44,"Regular",4.85981240436167,11.3137084989848,10.9569795004839,9.34898824150805
815,173,-1,"10/27/2014",1150,239,"Major Market","Central",57,"Beans","Coffee","Colombian",139,412,"Illinois",170,230,140,400,100,"Regular",4.9416424226093,11.7898261225516,11.3148303867093,9.62111724337593
303,50,-22,"10/28/2014",589,73,"Major Market","Central",14,"Beans","Espresso","Caffe Mocha",48,123,"Colorado",60,90,70,150,25,"Regular",3.89182029811063,6.92820323027551,7.31425168498385,6.51204702917976
224,228,-94,"10/29/2014",1691,304,"Major Market","Central",75,"Beans","Espresso","Caffe Mocha",196,532,"Illinois",290,390,290,680,108,"Regular",5.28320372873799,14,12.9055277525564,10.8178382776415
440,181,-63,"10/30/2014",1283,182,"Major Market","Central",50,"Beans","Espresso","Caffe Mocha",107,363,"Ohio",230,230,170,460,75,"Regular",4.68213122712422,10.3440804327886,10.2090118241588,8.77656980373194
970,181,7,"10/31/2014",1283,182,"Major Market","Central",50,"Leaves","Herbal Tea","Chamomile",107,363,"Colorado",170,160,100,330,75,"Decaf",4.68213122712422,10.3440804327886,10.2090118241588,8.77656980373194
312,118,17,"11/1/2014",930,172,"Major Market","Central",33,"Leaves","Herbal Tea","Chamomile",127,290,"Illinois",110,150,110,260,45,"Decaf",4.85203026391962,11.2694276695846,10.923394589982,9.32339160847721
630,81,4,"11/2/2014",984,117,"Major Market","Central",22,"Leaves","Herbal Tea","Mint",84,198,"Illinois",70,110,80,180,33,"Decaf",4.44265125649032,9.16515138991168,9.26063309000394,8.04347745052108
330,78,2,"11/3/2014",798,119,"Major Market","Central",25,"Leaves","Tea","Darjeeling",62,197,"Ohio",60,100,60,160,57,"Regular",4.14313472639153,7.87400787401181,8.16397695266985,7.18516004980608
630,75,9,"11/4/2014",659,114,"Major Market","Central",24,"Leaves","Tea","Earl Grey",59,189,"Illinois",60,90,50,150,55,"Regular",4.0943445622221,7.68114574786861,7.9941739155723,7.05121716510255
419,102,19,"11/5/2014",666,143,"Major Market","Central",31,"Leaves","Tea","Earl Grey",89,245,"Ohio",80,120,70,200,54,"Regular",4.49980967033027,9.4339811320566,9.48099204425403,8.21455914927136
719,88,10,"11/6/2014",561,112,"Major Market","Central",29,"Leaves","Tea","Green Tea",70,200,"Colorado",70,90,60,160,42,"Regular",4.26267987704132,8.36660026534076,8.59028750290873,7.52019869092566
641,10,-13,"11/7/2014",596,13,"Small Market","Central",3,"Beans","Coffee","Decaf Irish Cream",1e-05,23,"Iowa",0,20,10,20,16,"Decaf",9.99995000039884e-06,0.00316227766016838,-3.22792407799438,9.99996225988376e-06
262,77,-9,"11/8/2014",557,103,"Small Market","Central",25,"Beans","Coffee","Decaf Irish Cream",51,180,"Wisconsin",70,100,60,170,52,"Decaf",3.95124371858143,7.14142842854285,7.50967516382153,6.66748122627047
563,15,-2,"11/9/2014",848,24,"Small Market","Central",4,"Beans","Coffee","Amaretto",8,39,"Iowa",10,20,10,30,16,"Regular",2.19722457733622,2.82842712474619,2.88688661024538,2.91138626231789
573,82,-2,"11/10/2014",601,102,"Small Market","Central",31,"Beans","Coffee","Colombian",38,184,"Missouri",80,100,40,180,64,"Regular",3.66356164612965,6.16441400296898,6.59357071906458,5.93560973163213
262,94,-14,"11/11/2014",694,130,"Small Market","Central",85,"Beans","Coffee","Colombian",16,224,"Wisconsin",90,130,30,220,114,"Regular",2.83321334405622,4,4.32465569998023,4.09095419486471
314,54,-29,"11/12/2014",885,78,"Small Market","Central",15,"Beans","Espresso","Caffe Mocha",51,132,"Missouri",60,100,80,160,27,"Regular",3.95124371858143,7.14142842854285,7.50967516382153,6.66748122627047
920,75,-25,"11/13/2014",1063,89,"Small Market","Central",23,"Beans","Espresso","Caffe Mocha",45,164,"Wisconsin",90,110,70,200,44,"Regular",3.8286413964891,6.70820393249937,7.11008077908889,6.34925473862917
712,228,16,"11/14/2014",1691,304,"Small Market","Central",75,"Leaves","Herbal Tea","Chamomile",196,532,"Iowa",210,280,180,490,108,"Decaf",5.28320372873799,14,12.9055277525564,10.8178382776415
712,113,7,"11/15/2014",803,165,"Small Market","Central",36,"Leaves","Herbal Tea","Lemon",107,278,"Iowa",100,150,100,250,58,"Decaf",4.68213122712422,10.3440804327886,10.2090118241588,8.77656980373194
712,211,19,"11/16/2014",1778,212,"Small Market","Central",59,"Leaves","Tea","Darjeeling",129,423,"Iowa",170,180,110,350,83,"Regular",4.86753445045558,11.3578166916005,10.9903812422994,9.37443553799599
319,245,43,"11/17/2014",1784,300,"Small Market","Central",93,"Leaves","Tea","Earl Grey",173,545,"Iowa",200,250,130,450,127,"Regular",5.15905529921453,13.1529464379659,12.3086772797024,10.3712256765817
720,86,-2,"11/18/2014",1003,124,"Major Market","Central",24,"Beans","Coffee","Decaf Irish Cream",88,210,"Colorado",80,120,90,200,36,"Decaf",4.48863636973214,9.38083151964686,9.4376267337951,8.1809273721197
630,127,-8,"11/19/2014",830,185,"Major Market","Central",40,"Beans","Coffee","Decaf Irish Cream",122,312,"Illinois",120,180,130,300,63,"Decaf",4.81218435537242,11.0453610171873,10.7526345706633,9.19309493375962
970,67,-33,"11/20/2014",677,101,"Major Market","Central",22,"Beans","Espresso","Decaf Espresso",47,168,"Colorado",80,130,80,210,54,"Decaf",3.87120101090789,6.85565460040104,7.24721322674887,6.45864011136703
630,250,-83,"11/21/2014",1820,251,"Major Market","Central",70,"Beans","Espresso","Decaf Espresso",157,501,"Illinois",320,320,240,640,94,"Decaf",5.06259503302697,12.5299640861417,11.859845192588,10.0334831298848
719,123,4,"11/22/2014",959,179,"Major Market","Central",34,"Beans","Coffee","Amaretto",134,302,"Colorado",120,170,130,290,45,"Regular",4.90527477843843,11.5758369027902,11.1547249625856,9.49950087269366
847,224,4,"11/23/2014",1191,310,"Major Market","Central",73,"Beans","Coffee","Colombian",194,534,"Illinois",220,300,190,520,116,"Regular",5.27299955856375,13.9283882771841,12.8556383810369,10.7806147550827
970,54,-37,"11/24/2014",601,79,"Major Market","Central",15,"Beans","Espresso","Caffe Mocha",53,133,"Colorado",60,110,90,170,26,"Regular",3.98898404656427,7.28010988928052,7.63552698789731,6.76738124182189
815,247,-104,"11/25/2014",1744,329,"Major Market","Central",81,"Beans","Espresso","Caffe Mocha",216,576,"Illinois",310,420,320,730,113,"Regular",5.37989735354046,14.6969384566991,13.3858427082254,11.1752256403599
740,153,-53,"11/26/2014",1319,153,"Major Market","Central",42,"Beans","Espresso","Caffe Mocha",87,306,"Ohio",190,200,140,390,66,"Regular",4.47733681447821,9.32737905308882,9.39391508628923,8.14700914266099
303,153,7,"11/27/2014",1319,153,"Major Market","Central",42,"Leaves","Herbal Tea","Chamomile",87,306,"Colorado",140,140,80,280,66,"Decaf",4.47733681447821,9.32737905308882,9.39391508628923,8.14700914266099
309,123,3,"11/28/2014",959,179,"Major Market","Central",34,"Leaves","Herbal Tea","Chamomile",133,302,"Illinois",110,170,130,280,46,"Decaf",4.89783979995091,11.5325625946708,11.1222039303216,9.47477093387252
630,86,8,"11/29/2014",1003,124,"Major Market","Central",24,"Leaves","Herbal Tea","Mint",88,210,"Illinois",80,110,80,190,36,"Decaf",4.48863636973214,9.38083151964686,9.4376267337951,8.1809273721197
513,88,2,"11/30/2014",817,133,"Major Market","Central",29,"Leaves","Tea","Darjeeling",72,221,"Ohio",70,110,70,180,61,"Regular",4.29045944114839,8.48528137423857,8.69148417711951,7.5994702873928
740,134,31,"12/1/2014",690,186,"Major Market","Central",41,"Leaves","Tea","Earl Grey",121,320,"Ohio",110,150,90,260,65,"Regular",4.80402104473326,11,10.7178971103063,9.16655754838304
719,81,6,"12/2/2014",551,104,"Major Market","Central",26,"Leaves","Tea","Green Tea",66,185,"Colorado",60,90,60,150,38,"Regular",4.20469261939097,8.12403840463596,8.38165676719249,7.35645630341615
319,10,-11,"12/3/2014",594,14,"Small Market","Central",3,"Beans","Coffee","Decaf Irish Cream",1e-05,24,"Iowa",0,20,10,20,15,"Decaf",9.99995000039884e-06,0.00316227766016838,-3.22792407799438,9.99996225988376e-06
715,83,-13,"12/4/2014",575,112,"Small Market","Central",27,"Beans","Coffee","Decaf Irish Cream",57,195,"Wisconsin",80,110,70,190,55,"Decaf",4.06044301054642,7.54983443527075,7.87758533681649,6.95908678053683
573,68,-14,"12/5/2014",619,85,"Small Market","Central",25,"Beans","Coffee","Colombian",26,153,"Missouri",60,90,40,150,59,"Regular",3.29583686600433,5.09901951359278,5.52538206968385,5.07222088649086
715,105,-10,"12/6/2014",716,145,"Small Market","Central",95,"Beans","Coffee","Colombian",20,250,"Wisconsin",100,140,30,240,125,"Regular",3.04452243772342,4.47213595499958,4.85485350743861,4.52537705589284
314,50,-22,"12/7/2014",898,73,"Small Market","Central",14,"Beans","Espresso","Caffe Mocha",48,123,"Missouri",60,90,70,150,25,"Regular",3.89182029811063,6.92820323027551,7.31425168498385,6.51204702917976
715,80,-30,"12/8/2014",1079,96,"Small Market","Central",24,"Beans","Espresso","Caffe Mocha",50,176,"Wisconsin",100,120,80,220,46,"Regular",3.93182563272433,7.07106781186548,7.44545010962263,6.61643990582519
641,247,16,"12/9/2014",1744,329,"Small Market","Central",81,"Leaves","Herbal Tea","Chamomile",216,576,"Iowa",230,300,200,530,113,"Decaf",5.37989735354046,14.6969384566991,13.3858427082254,11.1752256403599
319,127,3,"12/10/2014",830,185,"Small Market","Central",40,"Leaves","Herbal Tea","Lemon",123,312,"Iowa",120,170,120,290,62,"Decaf",4.82028156560504,11.0905365064094,10.7871732854357,9.21946996451308
641,250,36,"12/11/2014",1820,251,"Small Market","Central",70,"Leaves","Tea","Darjeeling",156,501,"Iowa",210,200,120,410,95,"Regular",5.05624580534831,12.4899959967968,11.83074868664,10.0115311196831
641,294,46,"12/12/2014",1838,360,"Small Market","Central",111,"Leaves","Tea","Earl Grey",216,654,"Iowa",240,300,170,540,144,"Regular",5.37989735354046,14.6969384566991,13.3858427082254,11.1752256403599
573,20,-6,"12/13/2014",218,25,"Small Market","Central",7,"Leaves","Tea","Earl Grey",1e-05,45,"Missouri",10,20,-10,30,41,"Regular",9.99995000039884e-06,0.00316227766016838,-3.22792407799438,9.99996225988376e-06
719,108,22,"12/14/2014",971,157,"Major Market","Central",30,"Beans","Coffee","Decaf Irish Cream",172,282,"Colorado",100,160,150,260,41,"Decaf",5.15329159449778,13.114877048604,12.2814973484391,10.35081967692
815,122,11,"12/15/2014",789,176,"Major Market","Central",39,"Beans","Coffee","Decaf Irish Cream",171,318,"Illinois",110,190,160,300,61,"Decaf",5.14749447681345,13.076696830622,12.2542065749354,10.3303244495318
970,72,-47,"12/16/2014",650,110,"Major Market","Central",23,"Beans","Espresso","Decaf Espresso",83,194,"Colorado",100,160,130,260,54,"Decaf",4.43081679884331,9.1104335791443,9.21546595375243,8.00835417716213
773,239,-79,"12/17/2014",1755,239,"Major Market","Central",66,"Beans","Espresso","Decaf Espresso",221,509,"Illinois",340,370,300,710,90,"Decaf",5.40267738187228,14.8660687473185,13.5010195782051,11.2606628569091
419,54,-52,"12/18/2014",404,66,"Major Market","Central",20,"Beans","Espresso","Decaf Espresso",18,128,"Ohio",70,100,70,170,54,"Decaf",2.94443897916644,4.24264068711928,4.60008758198814,4.31681223695035
719,123,37,"12/19/2014",915,179,"Major Market","Central",34,"Beans","Coffee","Amaretto",197,322,"Colorado",120,180,160,300,46,"Regular",5.28826703069454,14.0356688476182,12.9303388954182,10.8363431629953
815,154,18,"12/20/2014",1132,213,"Major Market","Central",50,"Beans","Coffee","Colombian",178,391,"Illinois",150,220,160,370,93,"Regular",5.18738580584075,13.3416640641263,12.4429517660673,10.4719481991998
970,76,-53,"12/21/2014",580,111,"Major Market","Central",21,"Beans","Espresso","Caffe Mocha",117,199,"Colorado",100,180,170,280,32,"Regular",4.77068462446567,10.816653826392,10.5769028441957,9.05873679702225
312,257,-88,"12/22/2014",1662,341,"Major Market","Central",84,"Beans","Espresso","Caffe Mocha",332,637,"Illinois",370,520,420,890,117,"Regular",5.80814248998044,18.2208671582886,15.6870896359164,12.8640022842125
513,161,-53,"12/23/2014",1267,161,"Major Market","Central",45,"Beans","Espresso","Caffe Mocha",137,343,"Ohio",230,240,190,470,69,"Regular",4.92725368515721,11.7046999107196,11.2512798594331,9.57287043842253
720,161,27,"12/24/2014",1267,161,"Major Market","Central",45,"Leaves","Herbal Tea","Chamomile",137,343,"Colorado",120,140,110,260,69,"Decaf",4.92725368515721,11.7046999107196,11.2512798594331,9.57287043842253
708,123,57,"12/25/2014",915,179,"Major Market","Central",34,"Leaves","Herbal Tea","Chamomile",197,322,"Illinois",90,150,140,240,46,"Decaf",5.28826703069454,14.0356688476182,12.9303388954182,10.8363431629953
815,108,52,"12/26/2014",971,157,"Major Market","Central",30,"Leaves","Herbal Tea","Mint",172,282,"Illinois",80,130,120,210,41,"Decaf",5.15329159449778,13.114877048604,12.2814973484391,10.35081967692
419,82,36,"12/27/2014",788,123,"Major Market","Central",27,"Leaves","Tea","Darjeeling",96,218,"Ohio",50,90,60,140,58,"Regular",4.57471097850338,9.79795897113271,9.7753814775829,8.44240784120844
419,91,33,"12/28/2014",656,127,"Major Market","Central",28,"Leaves","Tea","Earl Grey",113,232,"Ohio",50,100,80,150,51,"Regular",4.7361984483945,10.6301458127346,10.4324927476184,8.94812092017925
970,90,30,"12/29/2014",572,115,"Major Market","Central",29,"Leaves","Tea","Green Tea",110,218,"Colorado",50,90,80,140,41,"Regular",4.70953020131233,10.4880884817015,10.3218190455462,8.86322039924573
641,10,-13,"12/30/2014",598,13,"Small Market","Central",3,"Beans","Coffee","Decaf Irish Cream",1e-05,25,"Iowa",0,10,10,10,15,"Decaf",9.99995000039884e-06,0.00316227766016838,-3.22792407799438,9.99996225988376e-06
920,86,-9,"12/31/2014",547,116,"Small Market","Central",28,"Beans","Coffee","Decaf Irish Cream",91,215,"Wisconsin",80,120,100,200,55,"Decaf",4.52178857704904,9.53939201416946,9.56670981612124,8.28098542730154
573,79,-18,"1/1/2015",593,98,"Small Market","Central",30,"Beans","Coffee","Colombian",52,189,"Missouri",70,100,70,170,63,"Regular",3.97029191355212,7.21110255092798,7.57302464450383,6.71778694300049
414,96,-33,"1/2/2015",683,134,"Small Market","Central",87,"Beans","Coffee","Colombian",27,245,"Wisconsin",90,140,60,230,116,"Regular",3.3322045101752,5.19615242270663,5.62625126507429,5.15418254444888
573,40,-37,"1/3/2015",881,59,"Small Market","Central",11,"Beans","Espresso","Caffe Mocha",53,106,"Missouri",50,90,90,140,23,"Regular",3.98898404656427,7.28010988928052,7.63552698789731,6.76738124182189
262,80,-49,"1/4/2015",1055,94,"Small Market","Central",24,"Beans","Espresso","Caffe Mocha",71,185,"Wisconsin",110,140,120,250,46,"Regular",4.27666611901606,8.42614977317636,8.64113527754987,7.56004225651823
319,257,122,"1/5/2015",1662,341,"Small Market","Central",84,"Leaves","Herbal Tea","Chamomile",332,637,"Iowa",200,280,210,480,117,"Decaf",5.80814248998044,18.2208671582886,15.6870896359164,12.8640022842125
515,122,39,"1/6/2015",789,176,"Small Market","Central",39,"Leaves","Herbal Tea","Lemon",169,318,"Iowa",90,150,130,240,62,"Decaf",5.13579843705026,13,12.1992880667869,10.2890626474632
417,86,-49,"1/7/2015",1698,23,"Small Market","Central",26,"Leaves","Herbal Tea","Lemon",1e-05,116,"Missouri",60,20,10,80,49,"Decaf",9.99995000039884e-06,0.00316227766016838,-3.22792407799438,9.99996225988376e-06
515,239,111,"1/8/2015",1755,239,"Small Market","Central",66,"Leaves","Tea","Darjeeling",221,509,"Iowa",170,170,110,340,90,"Regular",5.40267738187228,14.8660687473185,13.5010195782051,11.2606628569091
515,255,142,"1/9/2015",1756,312,"Small Market","Central",96,"Leaves","Tea","Earl Grey",272,604,"Iowa",170,230,130,400,129,"Regular",5.60947179518496,16.4924225024706,14.5830116581494,12.0584751592457
573,25,-16,"1/10/2015",209,31,"Small Market","Central",9,"Leaves","Tea","Earl Grey",1e-05,60,"Missouri",10,20,0,30,42,"Regular",9.99995000039884e-06,0.00316227766016838,-3.22792407799438,9.99996225988376e-06
720,81,45,"1/11/2015",984,117,"Major Market","Central",22,"Beans","Coffee","Decaf Irish Cream",125,211,"Colorado",80,110,80,190,33,"Decaf",4.83628190695148,11.1803398874989,10.8556653753464,9.27174207446754
847,113,47,"1/12/2015",803,165,"Major Market","Central",36,"Beans","Coffee","Decaf Irish Cream",157,296,"Illinois",110,160,110,270,59,"Decaf",5.06259503302697,12.5299640861417,11.859845192588,10.0334831298848
970,75,-14,"1/13/2015",659,114,"Major Market","Central",24,"Beans","Espresso","Decaf Espresso",86,201,"Colorado",90,150,100,240,56,"Decaf",4.46590811865458,9.2736184954957,9.3498503066332,8.11279872393261
847,211,-9,"1/14/2015",1778,212,"Major Market","Central",59,"Beans","Espresso","Decaf Espresso",191,451,"Illinois",270,270,200,540,83,"Decaf",5.25749537202778,13.8202749610853,12.7801248165016,10.7242353965977
719,118,60,"1/15/2015",930,172,"Major Market","Central",33,"Beans","Coffee","Amaretto",190,309,"Colorado",110,170,130,280,44,"Regular",5.25227342804663,13.7840487520902,12.7547692039215,10.7052945403149
815,173,66,"1/16/2015",1150,239,"Major Market","Central",57,"Beans","Coffee","Colombian",206,439,"Illinois",170,230,140,400,100,"Regular",5.33271879326537,14.3527000944073,13.1497673486588,10.9997913054101
303,50,1,"1/17/2015",589,73,"Major Market","Central",14,"Beans","Espresso","Caffe Mocha",71,131,"Colorado",60,90,70,150,25,"Regular",4.27666611901606,8.42614977317636,8.64113527754987,7.56004225651823
630,228,1,"1/18/2015",1691,304,"Major Market","Central",75,"Beans","Espresso","Caffe Mocha",291,567,"Illinois",290,390,290,680,108,"Regular",5.67675380226828,17.058722109232,14.9496322604884,12.3268932660793
234,181,-11,"1/19/2015",1283,182,"Major Market","Central",50,"Beans","Espresso","Caffe Mocha",159,387,"Ohio",230,230,170,460,75,"Regular",5.07517381523383,12.6095202129185,11.9176512680136,10.0770744375534
970,181,59,"1/20/2015",1283,182,"Major Market","Central",50,"Leaves","Herbal Tea","Chamomile",159,387,"Colorado",170,160,100,330,75,"Decaf",5.07517381523383,12.6095202129185,11.9176512680136,10.0770744375534
708,118,78,"1/21/2015",930,172,"Major Market","Central",33,"Leaves","Herbal Tea","Chamomile",188,309,"Illinois",110,150,110,260,45,"Decaf",5.24174701505964,13.7113092008021,12.7037763705179,10.667187132074
708,81,45,"1/22/2015",984,117,"Major Market","Central",22,"Leaves","Herbal Tea","Mint",125,211,"Illinois",70,110,80,180,33,"Decaf",4.83628190695148,11.1803398874989,10.8556653753464,9.27174207446754
614,78,32,"1/23/2015",798,119,"Major Market","Central",25,"Leaves","Tea","Darjeeling",92,210,"Ohio",60,100,60,160,57,"Regular",4.53259949315326,9.59166304662544,9.60907487420997,8.31379055609195
309,75,38,"1/24/2015",659,114,"Major Market","Central",24,"Leaves","Tea","Earl Grey",88,201,"Illinois",60,90,50,150,55,"Regular",4.48863636973214,9.38083151964686,9.4376267337951,8.1809273721197
740,102,62,"1/25/2015",666,143,"Major Market","Central",31,"Leaves","Tea","Earl Grey",132,261,"Ohio",80,120,70,200,54,"Regular",4.89034912822175,11.4891252930761,11.08951128132,9.44990129888064
970,88,44,"1/26/2015",561,112,"Major Market","Central",29,"Leaves","Tea","Green Tea",104,213,"Colorado",70,90,60,160,42,"Regular",4.65396035015752,10.1980390271856,10.0939683610207,8.6880829040456
319,10,-14,"1/27/2015",596,13,"Small Market","Central",3,"Beans","Coffee","Decaf Irish Cream",1e-05,25,"Iowa",0,20,10,20,16,"Decaf",9.99995000039884e-06,0.00316227766016838,-3.22792407799438,9.99996225988376e-06
920,77,16,"1/28/2015",557,103,"Small Market","Central",25,"Beans","Coffee","Decaf Irish Cream",76,192,"Wisconsin",70,100,60,170,52,"Decaf",4.34380542185368,8.71779788708135,8.88811913258737,7.75322041051975
712,15,2,"1/29/2015",848,24,"Small Market","Central",4,"Beans","Coffee","Amaretto",12,42,"Iowa",10,20,10,30,16,"Regular",2.56494935746154,3.46410161513775,3.6914529978149,3.57089490862785
573,82,16,"1/30/2015",601,102,"Small Market","Central",31,"Beans","Coffee","Colombian",56,196,"Missouri",80,100,40,180,64,"Regular",4.04305126783455,7.48331477354788,7.81821454618752,6.91211959890164
608,94,-6,"1/31/2015",694,130,"Small Market","Central",85,"Beans","Coffee","Colombian",24,239,"Wisconsin",90,130,30,220,114,"Regular",3.2188758248682,4.89897948556636,5.31519311320155,4.90116517042541
573,54,-4,"2/1/2015",885,78,"Small Market","Central",15,"Beans","Espresso","Caffe Mocha",76,141,"Missouri",60,100,80,160,27,"Regular",4.34380542185368,8.71779788708135,8.88811913258737,7.75322041051975
715,75,-3,"2/2/2015",1063,89,"Small Market","Central",23,"Beans","Espresso","Caffe Mocha",67,175,"Wisconsin",90,110,70,200,44,"Regular",4.21950770517611,8.18535277187245,8.43462673607566,7.39806946385375
641,228,111,"2/3/2015",1691,304,"Small Market","Central",75,"Leaves","Herbal Tea","Chamomile",291,567,"Iowa",210,280,180,490,108,"Decaf",5.67675380226828,17.058722109232,14.9496322604884,12.3268932660793
641,113,59,"2/4/2015",803,165,"Small Market","Central",36,"Leaves","Herbal Tea","Lemon",159,296,"Iowa",100,150,100,250,58,"Decaf",5.07517381523383,12.6095202129185,11.9176512680136,10.0770744375534
563,211,81,"2/5/2015",1778,212,"Small Market","Central",59,"Leaves","Tea","Darjeeling",191,451,"Iowa",170,180,110,350,83,"Regular",5.25749537202778,13.8202749610853,12.7801248165016,10.7242353965977
641,245,127,"2/6/2015",1784,300,"Small Market","Central",93,"Leaves","Tea","Earl Grey",257,581,"Iowa",200,250,130,450,127,"Regular",5.55295958492162,16.0312195418814,14.2806946625784,11.8364191205262
720,86,41,"2/7/2015",1003,124,"Major Market","Central",24,"Beans","Coffee","Decaf Irish Cream",131,224,"Colorado",80,120,90,200,36,"Decaf",4.88280192258637,11.4455231422596,11.0566447994523,9.4248901192847
312,127,51,"2/8/2015",830,185,"Major Market","Central",40,"Beans","Coffee","Decaf Irish Cream",181,332,"Illinois",120,180,130,300,63,"Decaf",5.2040066870768,13.4536240470737,12.5222534031402,10.5313663395816
720,67,-10,"2/9/2015",677,101,"Major Market","Central",22,"Beans","Espresso","Decaf Espresso",70,179,"Colorado",80,130,80,210,54,"Decaf",4.26267987704132,8.36660026534076,8.59028750290873,7.52019869092566
773,250,-7,"2/10/2015",1820,251,"Major Market","Central",70,"Beans","Espresso","Decaf Espresso",233,534,"Illinois",320,320,240,640,94,"Decaf",5.4553211153577,15.2643375224737,13.770187523854,11.4599401063881
303,123,69,"2/11/2015",959,179,"Major Market","Central",34,"Beans","Coffee","Amaretto",199,322,"Colorado",120,170,130,290,45,"Regular",5.29831736654804,14.1067359796659,12.9796979189645,10.8731423239938
312,224,98,"2/12/2015",1191,310,"Major Market","Central",73,"Beans","Coffee","Colombian",288,569,"Illinois",220,300,190,520,116,"Regular",5.66642668811243,16.9705627484771,14.8928817765244,12.2854055558654
970,54,-11,"2/13/2015",601,79,"Major Market","Central",15,"Beans","Espresso","Caffe Mocha",79,142,"Colorado",60,110,90,170,26,"Regular",4.38202663467388,8.88819441731559,9.03089089968387,7.86462215736974
708,247,1,"2/14/2015",1744,329,"Major Market","Central",81,"Beans","Espresso","Caffe Mocha",321,614,"Illinois",310,420,320,730,113,"Regular",5.77455154554441,17.9164728671689,15.4957967143238,12.7250338586927
937,153,-11,"2/15/2015",1319,153,"Major Market","Central",42,"Beans","Espresso","Caffe Mocha",129,326,"Ohio",190,200,140,390,66,"Regular",4.86753445045558,11.3578166916005,10.9903812422994,9.37443553799599
970,153,49,"2/16/2015",1319,153,"Major Market","Central",42,"Leaves","Herbal Tea","Chamomile",129,326,"Colorado",140,140,80,280,66,"Decaf",4.86753445045558,11.3578166916005,10.9903812422994,9.37443553799599
618,123,67,"2/17/2015",959,179,"Major Market","Central",34,"Leaves","Herbal Tea","Chamomile",197,322,"Illinois",110,170,130,280,46,"Decaf",5.28826703069454,14.0356688476182,12.9303388954182,10.8363431629953
312,86,51,"2/18/2015",1003,124,"Major Market","Central",24,"Leaves","Herbal Tea","Mint",131,224,"Illinois",80,110,80,190,36,"Decaf",4.88280192258637,11.4455231422596,11.0566447994523,9.4248901192847
513,88,37,"2/19/2015",817,133,"Major Market","Central",29,"Leaves","Tea","Darjeeling",107,236,"Ohio",70,110,70,180,61,"Regular",4.68213122712422,10.3440804327886,10.2090118241588,8.77656980373194
513,134,90,"2/20/2015",690,186,"Major Market","Central",41,"Leaves","Tea","Earl Grey",180,341,"Ohio",110,150,90,260,65,"Regular",5.19849703126583,13.4164078649987,12.4959224477935,10.5116429841356
719,81,38,"2/21/2015",551,104,"Major Market","Central",26,"Leaves","Tea","Green Tea",98,197,"Colorado",60,90,60,150,38,"Regular",4.59511985013459,9.89949493661167,9.85672049777662,8.50522019122891
712,10,-11,"2/22/2015",594,14,"Small Market","Central",3,"Beans","Coffee","Decaf Irish Cream",1e-05,26,"Iowa",0,20,10,20,15,"Decaf",9.99995000039884e-06,0.00316227766016838,-3.22792407799438,9.99996225988376e-06
414,83,15,"2/23/2015",575,112,"Small Market","Central",27,"Beans","Coffee","Decaf Irish Cream",85,208,"Wisconsin",80,110,70,190,55,"Decaf",4.45434729625351,9.21954445729289,9.3054253855058,8.07829019651326
573,68,-1,"2/24/2015",619,85,"Small Market","Central",25,"Beans","Coffee","Colombian",39,163,"Missouri",60,90,40,150,59,"Regular",3.68887945411394,6.2449979983984,6.67122975914856,5.99796739707004
262,105,0,"2/25/2015",716,145,"Small Market","Central",95,"Beans","Coffee","Colombian",30,266,"Wisconsin",100,140,30,240,125,"Regular",3.43398720448515,5.47722557505166,5.91397038224061,5.38749333359726
573,50,1,"2/26/2015",898,73,"Small Market","Central",14,"Beans","Espresso","Caffe Mocha",71,131,"Missouri",60,90,70,150,25,"Regular",4.27666611901606,8.42614977317636,8.64113527754987,7.56004225651823
262,80,-6,"2/27/2015",1079,96,"Small Market","Central",24,"Beans","Espresso","Caffe Mocha",74,188,"Wisconsin",100,120,80,220,46,"Regular",4.31748811353631,8.60232526704263,8.79073181020461,7.67711912879533
515,247,121,"2/28/2015",1744,329,"Small Market","Central",81,"Leaves","Herbal Tea","Chamomile",321,614,"Iowa",230,300,200,530,113,"Decaf",5.77455154554441,17.9164728671689,15.4957967143238,12.7250338586927
515,127,63,"3/1/2015",830,185,"Small Market","Central",40,"Leaves","Herbal Tea","Lemon",183,332,"Iowa",120,170,120,290,62,"Decaf",5.21493575760899,13.5277492584687,12.5746113519889,10.5705689420205
641,250,112,"3/2/2015",1820,251,"Small Market","Central",70,"Leaves","Tea","Darjeeling",232,534,"Iowa",210,200,120,410,95,"Regular",5.4510384535657,15.2315462117278,13.7481326626863,11.4436322570193
563,294,151,"3/3/2015",1838,360,"Small Market","Central",111,"Leaves","Tea","Earl Grey",321,697,"Iowa",240,300,170,540,144,"Regular",5.77455154554441,17.9164728671689,15.4957967143238,12.7250338586927
816,20,-14,"3/4/2015",218,25,"Small Market","Central",7,"Leaves","Tea","Earl Grey",1e-05,48,"Missouri",10,20,-10,30,41,"Regular",9.99995000039884e-06,0.00316227766016838,-3.22792407799438,9.99996225988376e-06
951,154,-17,"3/5/2015",3654,-24,"Major Market","West",50,"Beans","Coffee","Decaf Irish Cream",1e-05,130,"California",220,-30,-100,190,93,"Decaf",9.99995000039884e-06,0.00316227766016838,-3.22792407799438,9.99996225988376e-06
714,257,-15,"3/6/2015",1662,341,"Major Market","West",84,"Beans","Espresso","Decaf Espresso",225,598,"California",230,320,240,550,116,"Decaf",5.42053499927229,15,13.591854639958,11.3279728864682
818,122,-14,"3/7/2015",2555,-13,"Major Market","West",39,"Beans","Coffee","Amaretto",1e-05,109,"California",170,-20,-60,150,61,"Regular",9.99995000039884e-06,0.00316227766016838,-3.22792407799438,9.99996225988376e-06
626,260,-223,"3/8/2015",2548,390,"Major Market","West",91,"Beans","Coffee","Colombian",247,650,"California",380,580,470,960,143,"Regular",5.51342874616498,15.7162336455017,14.0722198768646,11.6829076017615
562,239,-11,"3/9/2015",1755,239,"Major Market","West",66,"Beans","Espresso","Caffe Latte",149,478,"California",210,220,160,430,90,"Regular",5.01063529409626,12.2065556157337,11.6233268240407,9.85483650050488
562,125,-23,"3/10/2015",898,173,"Major Market","West",113,"Beans","Espresso","Caffe Mocha",27,298,"California",110,160,50,270,146,"Regular",3.3322045101752,5.19615242270663,5.62625126507429,5.15418254444888
661,108,-5,"3/11/2015",971,157,"Major Market","West",30,"Leaves","Herbal Tea","Chamomile",115,265,"California",80,130,120,210,42,"Decaf",4.75359019110636,10.7238052947636,10.5051373293819,9.0037887653066
562,239,16,"3/12/2015",1246,281,"Major Market","West",74,"Leaves","Herbal Tea","Lemon",186,520,"California",190,220,170,410,95,"Decaf",5.23110861685459,13.6381816969859,12.6524023760872,10.6287741182
562,123,54,"3/13/2015",915,179,"Major Market","West",34,"Leaves","Tea","Darjeeling",134,302,"California",50,90,80,140,45,"Regular",4.90527477843843,11.5758369027902,11.1547249625856,9.49950087269366
971,43,-51,"3/14/2015",419,64,"Small Market","West",13,"Beans","Coffee","Decaf Irish Cream",29,107,"Oregon",50,100,80,150,35,"Decaf",3.40119738166216,5.3851648071345,5.8203976445416,5.31169438026127
435,79,-86,"3/15/2015",593,98,"Small Market","West",30,"Beans","Coffee","Decaf Irish Cream",34,177,"Utah",100,160,120,260,64,"Decaf",3.55534806148941,5.8309518948453,6.2677982204248,5.67340047857861
425,96,-83,"3/16/2015",683,134,"Small Market","West",87,"Beans","Coffee","Decaf Irish Cream",17,230,"Washington",140,190,100,330,117,"Decaf",2.89037175789616,4.12310562561766,4.46520877893817,4.20625232123686
503,161,-19,"3/17/2015",1267,161,"Small Market","West",45,"Beans","Espresso","Decaf Espresso",91,322,"Oregon",140,150,110,290,70,"Decaf",4.52178857704904,9.53939201416946,9.56670981612124,8.28098542730154
253,80,-32,"3/18/2015",1055,94,"Small Market","West",24,"Beans","Espresso","Decaf Espresso",48,174,"Washington",60,90,80,150,46,"Decaf",3.89182029811063,6.92820323027551,7.31425168498385,6.51204702917976
971,51,-55,"3/19/2015",503,71,"Small Market","West",46,"Beans","Coffee","Amaretto",1e-05,122,"Oregon",70,100,50,170,76,"Regular",9.99995000039884e-06,0.00316227766016838,-3.22792407799438,9.99996225988376e-06
435,65,-54,"3/20/2015",1053,77,"Small Market","West",20,"Beans","Coffee","Amaretto",36,142,"Utah",90,110,90,200,41,"Regular",3.61091791264422,6,6.43385350527841,5.8071810955365
971,60,-69,"3/21/2015",463,84,"Small Market","West",19,"Beans","Coffee","Colombian",21,144,"Oregon",80,130,90,210,63,"Regular",3.09104245335832,4.58257569495584,4.97558582846753,4.62407670458834
435,47,-58,"3/22/2015",375,64,"Small Market","West",15,"Beans","Coffee","Colombian",22,111,"Utah",50,100,80,150,42,"Regular",3.13549421592915,4.69041575982343,5.09235808503701,4.71944589803896
206,68,-54,"3/23/2015",438,99,"Small Market","West",21,"Beans","Coffee","Colombian",56,167,"Washington",90,140,110,230,43,"Regular",4.04305126783455,7.48331477354788,7.81821454618752,6.91211959890164
206,22,-10,"3/24/2015",573,29,"Small Market","West",7,"Beans","Espresso","Caffe Latte",10,51,"Washington",10,20,20,30,19,"Regular",2.39789527279837,3.16227766016838,3.31754104989627,3.26390635106194
702,21,-6,"3/25/2015",846,31,"Small Market","West",5,"Beans","Espresso","Caffe Mocha",14,52,"Nevada",10,20,20,30,17,"Regular",2.70805020110221,3.74165738677394,4.02394448886189,3.84405211016258
801,103,-23,"3/26/2015",564,133,"Small Market","West",33,"Beans","Espresso","Caffe Mocha",87,236,"Utah",80,130,110,210,46,"Regular",4.47733681447821,9.32737905308882,9.39391508628923,8.14700914266099
775,125,-34,"3/27/2015",898,173,"Small Market","West",113,"Leaves","Herbal Tea","Chamomile",26,298,"Nevada",90,150,60,240,147,"Decaf",3.29583686600433,5.09901951359278,5.52538206968385,5.07222088649086
206,125,-15,"3/28/2015",1119,188,"Small Market","West",41,"Leaves","Herbal Tea","Chamomile",115,313,"Washington",90,160,130,250,73,"Decaf",4.75359019110636,10.7238052947636,10.5051373293819,9.0037887653066
702,154,0,"3/29/2015",1132,213,"Small Market","West",50,"Leaves","Herbal Tea","Lemon",120,367,"Nevada",120,170,120,290,93,"Decaf",4.79579054559674,10.9544511501033,10.6829581039153,9.1398554658352
971,90,-17,"3/30/2015",572,115,"Small Market","West",29,"Leaves","Herbal Tea","Lemon",73,205,"Oregon",60,100,90,160,42,"Decaf",4.30406509320417,8.54400374531753,8.7413459242933,7.63849272152917
702,122,-16,"3/31/2015",789,176,"Small Market","West",39,"Leaves","Herbal Tea","Mint",114,298,"Nevada",90,150,130,240,62,"Decaf",4.74493212836325,10.6770782520313,10.4689265558858,8.97604618873673
435,86,-27,"4/1/2015",1698,23,"Small Market","West",26,"Leaves","Herbal Tea","Mint",1e-05,109,"Utah",60,20,0,80,50,"Decaf",9.99995000039884e-06,0.00316227766016838,-3.22792407799438,9.99996225988376e-06
702,257,94,"4/2/2015",1662,341,"Small Market","West",84,"Leaves","Tea","Darjeeling",224,598,"Nevada",110,180,130,290,117,"Regular",5.41610040220442,14.9666295470958,13.5692525298903,11.3112302139075
541,21,-4,"4/3/2015",480,32,"Small Market","West",5,"Leaves","Tea","Darjeeling",16,53,"Oregon",0,20,20,20,16,"Regular",2.83321334405622,4,4.32465569998023,4.09095419486471
775,239,69,"4/4/2015",1755,239,"Small Market","West",66,"Leaves","Tea","Earl Grey",149,478,"Nevada",110,120,80,230,90,"Regular",5.01063529409626,12.2065556157337,11.6233268240407,9.85483650050488
702,255,-193,"4/5/2015",7058,-255,"Small Market","West",96,"Leaves","Tea","Green Tea",1e-05,21,"Nevada",110,-110,-170,0,129,"Regular",9.99995000039884e-06,0.00316227766016838,-3.22792407799438,9.99996225988376e-06
435,25,-22,"4/6/2015",209,31,"Small Market","West",9,"Leaves","Tea","Green Tea",1e-05,56,"Utah",0,20,10,20,43,"Regular",9.99995000039884e-06,0.00316227766016838,-3.22792407799438,9.99996225988376e-06
909,173,3,"4/7/2015",3909,-27,"Major Market","West",57,"Beans","Coffee","Decaf Irish Cream",1e-05,146,"California",200,-30,-130,170,100,"Decaf",9.99995000039884e-06,0.00316227766016838,-3.22792407799438,9.99996225988376e-06
707,228,7,"4/8/2015",1691,304,"Major Market","West",75,"Beans","Espresso","Decaf Espresso",197,532,"California",220,290,190,510,107,"Decaf",5.28826703069454,14.0356688476182,12.9303388954182,10.8363431629953
619,113,-6,"4/9/2015",2758,3,"Major Market","West",36,"Beans","Coffee","Amaretto",1e-05,116,"California",130,0,-50,130,59,"Regular",9.99995000039884e-06,0.00316227766016838,-3.22792407799438,9.99996225988376e-06
951,249,-75,"4/10/2015",2580,374,"Major Market","West",87,"Beans","Coffee","Colombian",235,623,"California",290,450,310,740,139,"Regular",5.46383180502561,15.3297097167559,13.8140992458788,11.4923986386262
559,211,-11,"4/11/2015",1778,212,"Major Market","West",59,"Beans","Espresso","Caffe Latte",129,423,"California",200,210,140,410,83,"Regular",4.86753445045558,11.3578166916005,10.9903812422994,9.37443553799599
818,121,-14,"4/12/2015",912,168,"Major Market","West",109,"Beans","Espresso","Caffe Mocha",26,289,"California",110,170,40,280,142,"Regular",3.29583686600433,5.09901951359278,5.52538206968385,5.07222088649086
213,81,4,"4/13/2015",984,117,"Major Market","West",22,"Leaves","Herbal Tea","Chamomile",84,198,"California",70,110,80,180,33,"Decaf",4.44265125649032,9.16515138991168,9.26063309000394,8.04347745052108
213,225,14,"4/14/2015",1272,265,"Major Market","West",69,"Leaves","Herbal Tea","Lemon",174,490,"California",210,240,160,450,91,"Decaf",5.16478597392351,13.1909059582729,12.3357474557379,10.391543346449
213,118,18,"4/15/2015",930,172,"Major Market","West",33,"Leaves","Tea","Darjeeling",128,290,"California",80,130,110,210,44,"Regular",4.85981240436167,11.3137084989848,10.9569795004839,9.34898824150805
801,82,-22,"4/16/2015",601,102,"Small Market","West",31,"Beans","Coffee","Decaf Irish Cream",38,184,"Utah",90,120,60,210,64,"Decaf",3.66356164612965,6.16441400296898,6.59357071906458,5.93560973163213
253,94,-24,"4/17/2015",694,130,"Small Market","West",85,"Beans","Coffee","Decaf Irish Cream",16,224,"Washington",110,150,40,260,114,"Decaf",2.83321334405622,4,4.32465569998023,4.09095419486471
503,181,-12,"4/18/2015",1283,182,"Small Market","West",50,"Beans","Espresso","Decaf Espresso",108,363,"Oregon",170,180,120,350,74,"Decaf",4.69134788222914,10.3923048454133,10.2468574715245,8.80565297672304
801,69,-11,"4/19/2015",1060,81,"Small Market","West",21,"Beans","Coffee","Amaretto",39,150,"Utah",80,90,50,170,42,"Regular",3.68887945411394,6.2449979983984,6.67122975914856,5.99796739707004
971,53,-26,"4/20/2015",470,75,"Small Market","West",17,"Beans","Coffee","Colombian",14,128,"Oregon",60,90,40,150,61,"Regular",2.70805020110221,3.74165738677394,4.02394448886189,3.84405211016258
425,63,-20,"4/21/2015",446,93,"Small Market","West",20,"Beans","Coffee","Colombian",50,156,"Washington",70,110,70,180,43,"Regular",3.93182563272433,7.07106781186548,7.44545010962263,6.61643990582519
775,15,-1,"4/22/2015",848,24,"Small Market","West",4,"Beans","Espresso","Caffe Mocha",9,39,"Nevada",10,20,10,30,15,"Regular",2.30258509299405,3,3.11060681643921,3.09431060815861
435,101,-5,"4/23/2015",552,130,"Small Market","West",33,"Beans","Espresso","Caffe Mocha",85,231,"Utah",90,130,90,220,45,"Regular",4.45434729625351,9.21954445729289,9.3054253855058,8.07829019651326
775,121,6,"4/24/2015",912,168,"Small Market","West",109,"Leaves","Herbal Tea","Chamomile",26,289,"Nevada",110,150,20,260,142,"Decaf",3.29583686600433,5.09901951359278,5.52538206968385,5.07222088649086
206,130,2,"4/25/2015",1134,195,"Small Market","West",42,"Leaves","Herbal Tea","Chamomile",122,325,"Washington",120,180,120,300,73,"Decaf",4.81218435537242,11.0453610171873,10.7526345706633,9.19309493375962
702,173,8,"4/26/2015",1150,239,"Small Market","West",57,"Leaves","Herbal Tea","Lemon",138,412,"Nevada",160,220,130,380,101,"Decaf",4.93447393313069,11.7473401244707,11.2831357132874,9.5970593399199
971,88,0,"4/27/2015",561,112,"Small Market","West",29,"Leaves","Herbal Tea","Lemon",70,200,"Oregon",80,100,70,180,42,"Decaf",4.26267987704132,8.36660026534076,8.59028750290873,7.52019869092566
702,113,7,"4/28/2015",803,165,"Small Market","West",36,"Leaves","Herbal Tea","Mint",107,278,"Nevada",100,150,100,250,58,"Decaf",4.68213122712422,10.3440804327886,10.2090118241588,8.77656980373194
702,228,56,"4/29/2015",1691,304,"Small Market","West",75,"Leaves","Tea","Darjeeling",196,532,"Nevada",160,220,140,380,108,"Regular",5.28320372873799,14,12.9055277525564,10.8178382776415
702,211,48,"4/30/2015",1778,212,"Small Market","West",59,"Leaves","Tea","Earl Grey",128,423,"Nevada",150,150,80,300,84,"Regular",4.85981240436167,11.3137084989848,10.9569795004839,9.34898824150805
971,78,12,"5/1/2015",798,119,"Small Market","West",25,"Leaves","Tea","Earl Grey",62,197,"Oregon",50,90,50,140,57,"Regular",4.14313472639153,7.87400787401181,8.16397695266985,7.18516004980608
702,245,-60,"5/2/2015",7653,-245,"Small Market","West",93,"Leaves","Tea","Green Tea",1e-05,32,"Nevada",180,-180,-280,0,127,"Regular",9.99995000039884e-06,0.00316227766016838,-3.22792407799438,9.99996225988376e-06
971,102,19,"5/3/2015",666,143,"Small Market","West",31,"Leaves","Tea","Green Tea",89,245,"Oregon",70,100,70,170,54,"Regular",4.49980967033027,9.4339811320566,9.48099204425403,8.21455914927136
714,224,1,"5/4/2015",4216,-32,"Major Market","West",73,"Beans","Coffee","Decaf Irish Cream",1e-05,192,"California",260,-40,-150,220,117,"Decaf",9.99995000039884e-06,0.00316227766016838,-3.22792407799438,9.99996225988376e-06
209,247,6,"5/5/2015",1744,329,"Major Market","West",81,"Beans","Espresso","Decaf Espresso",216,576,"California",240,310,210,550,113,"Decaf",5.37989735354046,14.6969384566991,13.3858427082254,11.1752256403599
951,127,2,"5/6/2015",2947,-25,"Major Market","West",40,"Beans","Coffee","Amaretto",1e-05,102,"California",150,-30,-90,120,63,"Regular",9.99995000039884e-06,0.00316227766016838,-3.22792407799438,9.99996225988376e-06
707,279,-79,"5/7/2015",2642,420,"Major Market","West",97,"Beans","Coffee","Colombian",271,699,"California",330,500,350,830,149,"Regular",5.605802066296,16.4620776331543,14.5632255030824,12.0439619222667
916,250,-3,"5/8/2015",1820,251,"Major Market","West",70,"Beans","Espresso","Caffe Latte",157,501,"California",240,240,160,480,94,"Regular",5.06259503302697,12.5299640861417,11.859845192588,10.0334831298848
530,135,-9,"5/9/2015",940,187,"Major Market","West",122,"Beans","Espresso","Caffe Mocha",31,322,"California",130,180,40,310,156,"Regular",3.46573590279973,5.56776436283002,6.00538449812395,5.46146854042967
626,86,9,"5/10/2015",1003,124,"Major Market","West",24,"Leaves","Herbal Tea","Chamomile",89,210,"California",80,110,80,190,35,"Decaf",4.49980967033027,9.4339811320566,9.48099204425403,8.21455914927136
415,241,18,"5/11/2015",1321,284,"Major Market","West",74,"Leaves","Herbal Tea","Lemon",188,525,"California",220,260,170,480,96,"Decaf",5.24174701505964,13.7113092008021,12.7037763705179,10.667187132074
916,123,24,"5/12/2015",959,179,"Major Market","West",34,"Leaves","Tea","Darjeeling",134,302,"California",90,130,110,220,45,"Regular",4.90527477843843,11.5758369027902,11.1547249625856,9.49950087269366
435,68,-24,"5/13/2015",619,85,"Small Market","West",25,"Beans","Coffee","Decaf Irish Cream",26,153,"Utah",80,100,50,180,59,"Decaf",3.29583686600433,5.09901951359278,5.52538206968385,5.07222088649086
509,105,-30,"5/14/2015",716,145,"Small Market","West",95,"Beans","Coffee","Decaf Irish Cream",20,250,"Washington",120,170,50,290,125,"Decaf",3.04452243772342,4.47213595499958,4.85485350743861,4.52537705589284
971,153,7,"5/15/2015",1319,153,"Small Market","West",42,"Beans","Espresso","Decaf Espresso",87,306,"Oregon",150,140,80,290,66,"Decaf",4.47733681447821,9.32737905308882,9.39391508628923,8.14700914266099
253,80,-9,"5/16/2015",1079,96,"Small Market","West",24,"Beans","Espresso","Decaf Espresso",51,176,"Washington",70,100,60,170,45,"Decaf",3.95124371858143,7.14142842854285,7.50967516382153,6.66748122627047
435,63,-14,"5/17/2015",1075,76,"Small Market","West",19,"Beans","Coffee","Amaretto",36,139,"Utah",70,90,50,160,40,"Regular",3.61091791264422,6,6.43385350527841,5.8071810955365
253,72,-22,"5/18/2015",461,104,"Small Market","West",23,"Beans","Coffee","Colombian",58,176,"Washington",80,120,80,200,46,"Regular",4.07753744390572,7.61577310586391,7.93623142133969,7.0054466527428
775,16,0,"5/19/2015",851,25,"Small Market","West",4,"Beans","Espresso","Caffe Mocha",10,41,"Nevada",10,20,10,30,15,"Regular",2.39789527279837,3.16227766016838,3.31754104989627,3.26390635106194
435,94,7,"5/20/2015",540,120,"Small Market","West",31,"Beans","Espresso","Caffe Mocha",77,214,"Utah",90,110,70,200,43,"Regular",4.35670882668959,8.77496438739212,8.93614118031312,7.79071274357814
702,135,2,"5/21/2015",940,187,"Small Market","West",122,"Leaves","Herbal Tea","Chamomile",32,322,"Nevada",120,170,30,290,155,"Decaf",3.49650756146648,5.65685424949238,6.0947570824873,5.53371887292784
509,115,-5,"5/22/2015",1166,174,"Small Market","West",37,"Leaves","Herbal Tea","Chamomile",105,289,"Washington",100,160,110,260,69,"Decaf",4.66343909411207,10.2469507659596,10.1325713176261,8.71778816834591
775,224,24,"5/23/2015",1191,310,"Small Market","West",73,"Leaves","Herbal Tea","Lemon",194,534,"Nevada",210,280,170,490,116,"Decaf",5.27299955856375,13.9283882771841,12.8556383810369,10.7806147550827
541,81,-4,"5/24/2015",551,104,"Small Market","West",26,"Leaves","Herbal Tea","Lemon",66,185,"Oregon",70,100,70,170,38,"Decaf",4.20469261939097,8.12403840463596,8.38165676719249,7.35645630341615
775,127,2,"5/25/2015",830,185,"Small Market","West",40,"Leaves","Herbal Tea","Mint",122,312,"Nevada",120,170,120,290,63,"Decaf",4.81218435537242,11.0453610171873,10.7526345706633,9.19309493375962
702,247,65,"5/26/2015",1744,329,"Small Market","West",81,"Leaves","Tea","Darjeeling",215,576,"Nevada",180,240,150,420,114,"Regular",5.37527840768417,14.6628782986152,13.3625839046217,11.157960251317
702,250,57,"5/27/2015",1820,251,"Small Market","West",70,"Leaves","Tea","Earl Grey",157,501,"Nevada",180,180,100,360,94,"Regular",5.06259503302697,12.5299640861417,11.859845192588,10.0334831298848
971,88,13,"5/28/2015",817,133,"Small Market","West",29,"Leaves","Tea","Earl Grey",73,221,"Oregon",60,100,60,160,60,"Regular",4.30406509320417,8.54400374531753,8.7413459242933,7.63849272152917
775,294,-88,"5/29/2015",8252,-294,"Small Market","West",111,"Leaves","Tea","Green Tea",1e-05,31,"Nevada",210,-210,-320,0,145,"Regular",9.99995000039884e-06,0.00316227766016838,-3.22792407799438,9.99996225988376e-06
503,134,21,"5/30/2015",690,186,"Small Market","West",41,"Leaves","Tea","Green Tea",121,320,"Oregon",90,140,100,230,65,"Regular",4.80402104473326,11,10.7178971103063,9.16655754838304
435,20,-15,"5/31/2015",218,25,"Small Market","West",7,"Leaves","Tea","Green Tea",1e-05,45,"Utah",10,20,0,30,40,"Regular",9.99995000039884e-06,0.00316227766016838,-3.22792407799438,9.99996225988376e-06
650,154,-74,"6/1/2015",3654,-24,"Major Market","West",50,"Beans","Coffee","Decaf Irish Cream",1e-05,139,"California",220,-30,-100,190,93,"Decaf",9.99995000039884e-06,0.00316227766016838,-3.22792407799438,9.99996225988376e-06
415,257,94,"6/2/2015",1662,341,"Major Market","West",84,"Beans","Espresso","Decaf Espresso",334,637,"California",230,320,240,550,116,"Decaf",5.81413053182507,18.2756668824971,15.7213916648546,12.8888957203754
909,122,-50,"6/3/2015",2555,-13,"Major Market","West",39,"Beans","Coffee","Amaretto",1e-05,116,"California",170,-20,-60,150,61,"Regular",9.99995000039884e-06,0.00316227766016838,-3.22792407799438,9.99996225988376e-06
818,260,-103,"6/4/2015",2548,390,"Major Market","West",91,"Beans","Coffee","Colombian",367,693,"California",380,580,470,960,143,"Regular",5.90808293816893,19.157244060668,16.2676818260697,13.2842974661948
714,239,61,"6/5/2015",1755,239,"Major Market","West",66,"Beans","Espresso","Caffe Latte",221,509,"California",210,220,160,430,90,"Regular",5.40267738187228,14.8660687473185,13.5010195782051,11.2606628569091
805,125,-10,"6/6/2015",898,173,"Major Market","West",113,"Beans","Espresso","Caffe Mocha",40,318,"California",110,160,50,270,146,"Regular",3.71357206670431,6.32455532033676,6.7475071511074,6.05915922675012
925,108,51,"6/7/2015",971,157,"Major Market","West",30,"Leaves","Herbal Tea","Chamomile",171,282,"California",80,130,120,210,42,"Decaf",5.14749447681345,13.076696830622,12.2542065749354,10.3303244495318
951,239,106,"6/8/2015",1246,281,"Major Market","West",74,"Leaves","Herbal Tea","Lemon",276,554,"California",190,220,170,410,95,"Decaf",5.62401750618734,16.6132477258361,14.6616508762426,12.1161299384631
831,123,119,"6/9/2015",915,179,"Major Market","West",34,"Leaves","Tea","Darjeeling",199,322,"California",50,90,80,140,45,"Regular",5.29831736654804,14.1067359796659,12.9796979189645,10.8731423239938
971,43,-37,"6/10/2015",419,64,"Small Market","West",13,"Beans","Coffee","Decaf Irish Cream",43,114,"Oregon",50,100,80,150,35,"Decaf",3.78418963391826,6.557438524302,6.96861297165568,6.23621841611432
435,79,-70,"6/11/2015",593,98,"Small Market","West",30,"Beans","Coffee","Decaf Irish Cream",50,189,"Utah",100,160,120,260,64,"Decaf",3.93182563272433,7.07106781186548,7.44545010962263,6.61643990582519
206,96,-75,"6/12/2015",683,134,"Small Market","West",87,"Beans","Coffee","Decaf Irish Cream",25,245,"Washington",140,190,100,330,117,"Decaf",3.25809653802148,5,5.42175934801256,4.9879348473056
503,161,25,"6/13/2015",1267,161,"Small Market","West",45,"Beans","Espresso","Decaf Espresso",135,343,"Oregon",140,150,110,290,70,"Decaf",4.91265488573605,11.6189500386223,11.1870765497029,9.52409292616263
360,80,-9,"6/14/2015",1055,94,"Small Market","West",24,"Beans","Espresso","Decaf Espresso",71,185,"Washington",60,90,80,150,46,"Decaf",4.27666611901606,8.42614977317636,8.64113527754987,7.56004225651823
503,51,-57,"6/15/2015",503,71,"Small Market","West",46,"Beans","Coffee","Amaretto",1e-05,130,"Oregon",70,100,50,170,76,"Regular",9.99995000039884e-06,0.00316227766016838,-3.22792407799438,9.99996225988376e-06
435,65,-37,"6/16/2015",1053,77,"Small Market","West",20,"Beans","Coffee","Amaretto",53,151,"Utah",90,110,90,200,41,"Regular",3.98898404656427,7.28010988928052,7.63552698789731,6.76738124182189
503,60,-59,"6/17/2015",463,84,"Small Market","West",19,"Beans","Coffee","Colombian",31,153,"Oregon",80,130,90,210,63,"Regular",3.46573590279973,5.56776436283002,6.00538449812395,5.46146854042967
435,47,-47,"6/18/2015",375,64,"Small Market","West",15,"Beans","Coffee","Colombian",33,118,"Utah",50,100,80,150,42,"Regular",3.52636052461616,5.74456264653803,6.18219544910834,5.60433503985148
360,68,-27,"6/19/2015",438,99,"Small Market","West",21,"Beans","Coffee","Colombian",83,178,"Washington",90,140,110,230,43,"Regular",4.43081679884331,9.1104335791443,9.21546595375243,8.00835417716213
206,22,-5,"6/20/2015",573,29,"Small Market","West",7,"Beans","Espresso","Caffe Latte",15,54,"Washington",10,20,20,30,19,"Regular",2.77258872223978,3.87298334620742,4.17781126947552,3.97041716289268
775,21,1,"6/21/2015",846,31,"Small Market","West",5,"Beans","Espresso","Caffe Mocha",21,55,"Nevada",10,20,20,30,17,"Regular",3.09104245335832,4.58257569495584,4.97558582846753,4.62407670458834
435,103,19,"6/22/2015",564,133,"Small Market","West",33,"Beans","Espresso","Caffe Mocha",129,251,"Utah",80,130,110,210,46,"Regular",4.86753445045558,11.3578166916005,10.9903812422994,9.37443553799599
702,125,-21,"6/23/2015",898,173,"Small Market","West",113,"Leaves","Herbal Tea","Chamomile",39,318,"Nevada",90,150,60,240,147,"Decaf",3.68887945411394,6.2449979983984,6.67122975914856,5.99796739707004
360,125,41,"6/24/2015",1119,188,"Small Market","West",41,"Leaves","Herbal Tea","Chamomile",171,334,"Washington",90,160,130,250,73,"Decaf",5.14749447681345,13.076696830622,12.2542065749354,10.3303244495318
775,154,58,"6/25/2015",1132,213,"Small Market","West",50,"Leaves","Herbal Tea","Lemon",178,391,"Nevada",120,170,120,290,93,"Decaf",5.18738580584075,13.3416640641263,12.4429517660673,10.4719481991998
541,90,18,"6/26/2015",572,115,"Small Market","West",29,"Leaves","Herbal Tea","Lemon",108,218,"Oregon",60,100,90,160,42,"Decaf",4.69134788222914,10.3923048454133,10.2468574715245,8.80565297672304
775,122,39,"6/27/2015",789,176,"Small Market","West",39,"Leaves","Herbal Tea","Mint",169,318,"Nevada",90,150,130,240,62,"Decaf",5.13579843705026,13,12.1992880667869,10.2890626474632
435,86,-40,"6/28/2015",1698,23,"Small Market","West",26,"Leaves","Herbal Tea","Mint",1e-05,116,"Utah",60,20,0,80,50,"Decaf",9.99995000039884e-06,0.00316227766016838,-3.22792407799438,9.99996225988376e-06
775,257,202,"6/29/2015",1662,341,"Small Market","West",84,"Leaves","Tea","Darjeeling",332,637,"Nevada",110,180,130,290,117,"Regular",5.80814248998044,18.2208671582886,15.6870896359164,12.8640022842125
971,21,4,"6/30/2015",480,32,"Small Market","West",5,"Leaves","Tea","Darjeeling",24,56,"Oregon",0,20,20,20,16,"Regular",3.2188758248682,4.89897948556636,5.31519311320155,4.90116517042541
775,239,141,"7/1/2015",1755,239,"Small Market","West",66,"Leaves","Tea","Earl Grey",221,509,"Nevada",110,120,80,230,90,"Regular",5.40267738187228,14.8660687473185,13.5010195782051,11.2606628569091
702,255,-369,"7/2/2015",7058,-255,"Small Market","West",96,"Leaves","Tea","Green Tea",1e-05,22,"Nevada",110,-110,-170,0,129,"Regular",9.99995000039884e-06,0.00316227766016838,-3.22792407799438,9.99996225988376e-06
435,25,-28,"7/3/2015",209,31,"Small Market","West",9,"Leaves","Tea","Green Tea",1e-05,60,"Utah",0,20,10,20,43,"Regular",9.99995000039884e-06,0.00316227766016838,-3.22792407799438,9.99996225988376e-06
626,173,-58,"7/4/2015",3909,-27,"Major Market","West",57,"Beans","Coffee","Decaf Irish Cream",1e-05,156,"California",200,-30,-130,170,100,"Decaf",9.99995000039884e-06,0.00316227766016838,-3.22792407799438,9.99996225988376e-06
213,228,102,"7/5/2015",1691,304,"Major Market","West",75,"Beans","Espresso","Decaf Espresso",292,567,"California",220,290,190,510,107,"Decaf",5.68017260901707,17.0880074906351,14.9684580527508,12.340650996839
916,113,-33,"7/6/2015",2758,3,"Major Market","West",36,"Beans","Coffee","Amaretto",1e-05,124,"California",130,0,-50,130,59,"Regular",9.99995000039884e-06,0.00316227766016838,-3.22792407799438,9.99996225988376e-06
213,249,39,"7/7/2015",2580,374,"Major Market","West",87,"Beans","Coffee","Colombian",349,664,"California",290,450,310,740,139,"Regular",5.85793315448346,18.6815416922694,15.9741813312086,13.0721074053665
951,211,51,"7/8/2015",1778,212,"Major Market","West",59,"Beans","Espresso","Caffe Latte",191,451,"California",200,210,140,410,83,"Regular",5.25749537202778,13.8202749610853,12.7801248165016,10.7242353965977
916,121,-1,"7/9/2015",912,168,"Major Market","West",109,"Beans","Espresso","Caffe Mocha",39,308,"California",110,170,40,280,142,"Regular",3.68887945411394,6.2449979983984,6.67122975914856,5.99796739707004
760,81,45,"7/10/2015",984,117,"Major Market","West",22,"Leaves","Herbal Tea","Chamomile",125,211,"California",70,110,80,180,33,"Decaf",4.83628190695148,11.1803398874989,10.8556653753464,9.27174207446754
510,225,98,"7/11/2015",1272,265,"Major Market","West",69,"Leaves","Herbal Tea","Lemon",258,522,"California",210,240,160,450,91,"Decaf",5.55682806169954,16.062378404209,14.301227844804,11.8515217977895
805,118,80,"7/12/2015",930,172,"Major Market","West",33,"Leaves","Tea","Darjeeling",190,309,"California",80,130,110,210,44,"Regular",5.25227342804663,13.7840487520902,12.7547692039215,10.7052945403149
435,82,-4,"7/13/2015",601,102,"Small Market","West",31,"Beans","Coffee","Decaf Irish Cream",56,196,"Utah",90,120,60,210,64,"Decaf",4.04305126783455,7.48331477354788,7.81821454618752,6.91211959890164
509,94,-16,"7/14/2015",694,130,"Small Market","West",85,"Beans","Coffee","Decaf Irish Cream",24,239,"Washington",110,150,40,260,114,"Decaf",3.2188758248682,4.89897948556636,5.31519311320155,4.90116517042541
971,181,40,"7/15/2015",1283,182,"Small Market","West",50,"Beans","Espresso","Decaf Espresso",160,387,"Oregon",170,180,120,350,74,"Decaf",5.08140436498446,12.6491106406735,11.9463635932822,10.0987160191093
435,69,8,"7/16/2015",1060,81,"Small Market","West",21,"Beans","Coffee","Amaretto",58,160,"Utah",80,90,50,170,42,"Regular",4.07753744390572,7.61577310586391,7.93623142133969,7.0054466527428
541,53,-19,"7/17/2015",470,75,"Small Market","West",17,"Beans","Coffee","Colombian",21,136,"Oregon",60,90,40,150,61,"Regular",3.09104245335832,4.58257569495584,4.97558582846753,4.62407670458834
253,63,4,"7/18/2015",446,93,"Small Market","West",20,"Beans","Coffee","Colombian",74,166,"Washington",70,110,70,180,43,"Regular",4.31748811353631,8.60232526704263,8.79073181020461,7.67711912879533
775,15,3,"7/19/2015",848,24,"Small Market","West",4,"Beans","Espresso","Caffe Mocha",13,42,"Nevada",10,20,10,30,15,"Regular",2.63905732961526,3.60555127546399,3.86217948140527,3.71115874981479
801,101,36,"7/20/2015",552,130,"Small Market","West",33,"Beans","Espresso","Caffe Mocha",126,246,"Utah",90,130,90,220,45,"Regular",4.84418708645859,11.2249721603218,10.8896240521091,9.29764358549245
702,121,19,"7/21/2015",912,168,"Small Market","West",109,"Leaves","Herbal Tea","Chamomile",39,308,"Nevada",110,150,20,260,142,"Decaf",3.68887945411394,6.2449979983984,6.67122975914856,5.99796739707004
206,130,61,"7/22/2015",1134,195,"Small Market","West",42,"Leaves","Herbal Tea","Chamomile",181,346,"Washington",120,180,120,300,73,"Decaf",5.2040066870768,13.4536240470737,12.5222534031402,10.5313663395816
702,173,75,"7/23/2015",1150,239,"Small Market","West",57,"Leaves","Herbal Tea","Lemon",205,439,"Nevada",160,220,130,380,101,"Decaf",5.32787616878958,14.3178210632764,13.1257219361725,10.9818984947973
541,88,34,"7/24/2015",561,112,"Small Market","West",29,"Leaves","Herbal Tea","Lemon",104,213,"Oregon",80,100,70,180,42,"Decaf",4.65396035015752,10.1980390271856,10.0939683610207,8.6880829040456
775,113,59,"7/25/2015",803,165,"Small Market","West",36,"Leaves","Herbal Tea","Mint",159,296,"Nevada",100,150,100,250,58,"Decaf",5.07517381523383,12.6095202129185,11.9176512680136,10.0770744375534
775,228,151,"7/26/2015",1691,304,"Small Market","West",75,"Leaves","Tea","Darjeeling",291,567,"Nevada",160,220,140,380,108,"Regular",5.67675380226828,17.058722109232,14.9496322604884,12.3268932660793
702,211,110,"7/27/2015",1778,212,"Small Market","West",59,"Leaves","Tea","Earl Grey",190,451,"Nevada",150,150,80,300,84,"Regular",5.25227342804663,13.7840487520902,12.7547692039215,10.7052945403149
503,78,42,"7/28/2015",798,119,"Small Market","West",25,"Leaves","Tea","Earl Grey",92,210,"Oregon",50,90,50,140,57,"Regular",4.53259949315326,9.59166304662544,9.60907487420997,8.31379055609195
775,245,-225,"7/29/2015",7653,-245,"Small Market","West",93,"Leaves","Tea","Green Tea",1e-05,34,"Nevada",180,-180,-280,0,127,"Regular",9.99995000039884e-06,0.00316227766016838,-3.22792407799438,9.99996225988376e-06
971,102,62,"7/30/2015",666,143,"Small Market","West",31,"Leaves","Tea","Green Tea",132,261,"Oregon",70,100,70,170,54,"Regular",4.89034912822175,11.4891252930761,11.08951128132,9.44990129888064
951,224,-71,"7/31/2015",4216,-32,"Major Market","West",73,"Beans","Coffee","Decaf Irish Cream",1e-05,205,"California",260,-40,-150,220,117,"Decaf",9.99995000039884e-06,0.00316227766016838,-3.22792407799438,9.99996225988376e-06
209,247,111,"8/1/2015",1744,329,"Major Market","West",81,"Beans","Espresso","Decaf Espresso",321,614,"California",240,310,210,550,113,"Decaf",5.77455154554441,17.9164728671689,15.4957967143238,12.7250338586927
209,127,-41,"8/2/2015",2947,-25,"Major Market","West",40,"Beans","Coffee","Amaretto",1e-05,109,"California",150,-30,-90,120,63,"Regular",9.99995000039884e-06,0.00316227766016838,-3.22792407799438,9.99996225988376e-06
530,279,52,"8/3/2015",2642,420,"Major Market","West",97,"Beans","Coffee","Colombian",402,745,"California",330,500,350,830,149,"Regular",5.99893656194668,20.0499376557634,16.8107060202179,13.67541911817
949,250,73,"8/4/2015",1820,251,"Major Market","West",70,"Beans","Espresso","Caffe Latte",233,534,"California",240,240,160,480,94,"Regular",5.4553211153577,15.2643375224737,13.770187523854,11.4599401063881
530,135,6,"8/5/2015",940,187,"Major Market","West",122,"Beans","Espresso","Caffe Mocha",46,343,"California",130,180,40,310,156,"Regular",3.85014760171006,6.78232998312527,7.17916874786433,6.40438663695411
916,86,52,"8/6/2015",1003,124,"Major Market","West",24,"Leaves","Herbal Tea","Chamomile",132,224,"California",80,110,80,190,35,"Decaf",4.89034912822175,11.4891252930761,11.08951128132,9.44990129888064
661,241,109,"8/7/2015",1321,284,"Major Market","West",74,"Leaves","Herbal Tea","Lemon",279,559,"California",220,260,170,480,96,"Decaf",5.63478960316925,16.7032930884901,14.720108301124,12.1589599799779
323,123,89,"8/8/2015",959,179,"Major Market","West",34,"Leaves","Tea","Darjeeling",199,322,"California",90,130,110,220,45,"Regular",5.29831736654804,14.1067359796659,12.9796979189645,10.8731423239938
801,68,-11,"8/9/2015",619,85,"Small Market","West",25,"Beans","Coffee","Decaf Irish Cream",39,163,"Utah",80,100,50,180,59,"Decaf",3.68887945411394,6.2449979983984,6.67122975914856,5.99796739707004
206,105,-20,"8/10/2015",716,145,"Small Market","West",95,"Beans","Coffee","Decaf Irish Cream",30,266,"Washington",120,170,50,290,125,"Decaf",3.43398720448515,5.47722557505166,5.91397038224061,5.38749333359726
971,153,49,"8/11/2015",1319,153,"Small Market","West",42,"Beans","Espresso","Decaf Espresso",129,326,"Oregon",150,140,80,290,66,"Decaf",4.86753445045558,11.3578166916005,10.9903812422994,9.37443553799599
360,80,16,"8/12/2015",1079,96,"Small Market","West",24,"Beans","Espresso","Decaf Espresso",76,188,"Washington",70,100,60,170,45,"Decaf",4.34380542185368,8.71779788708135,8.88811913258737,7.75322041051975
435,63,3,"8/13/2015",1075,76,"Small Market","West",19,"Beans","Coffee","Amaretto",53,148,"Utah",70,90,50,160,40,"Regular",3.98898404656427,7.28010988928052,7.63552698789731,6.76738124182189
360,72,6,"8/14/2015",461,104,"Small Market","West",23,"Beans","Coffee","Colombian",86,188,"Washington",80,120,80,200,46,"Regular",4.46590811865458,9.2736184954957,9.3498503066332,8.11279872393261
775,16,5,"8/15/2015",851,25,"Small Market","West",4,"Beans","Espresso","Caffe Mocha",15,44,"Nevada",10,20,10,30,15,"Regular",2.77258872223978,3.87298334620742,4.17781126947552,3.97041716289268
435,94,44,"8/16/2015",540,120,"Small Market","West",31,"Beans","Espresso","Caffe Mocha",114,228,"Utah",90,110,70,200,43,"Regular",4.74493212836325,10.6770782520313,10.4689265558858,8.97604618873673
702,135,17,"8/17/2015",940,187,"Small Market","West",122,"Leaves","Herbal Tea","Chamomile",47,343,"Nevada",120,170,30,290,155,"Decaf",3.87120101090789,6.85565460040104,7.24721322674887,6.45864011136703
253,115,46,"8/18/2015",1166,174,"Small Market","West",37,"Leaves","Herbal Tea","Chamomile",156,308,"Washington",100,160,110,260,69,"Decaf",5.05624580534831,12.4899959967968,11.83074868664,10.0115311196831
702,224,118,"8/19/2015",1191,310,"Small Market","West",73,"Leaves","Herbal Tea","Lemon",288,569,"Nevada",210,280,170,490,116,"Decaf",5.66642668811243,16.9705627484771,14.8928817765244,12.2854055558654
503,81,28,"8/20/2015",551,104,"Small Market","West",26,"Leaves","Herbal Tea","Lemon",98,197,"Oregon",70,100,70,170,38,"Decaf",4.59511985013459,9.89949493661167,9.85672049777662,8.50522019122891
775,127,61,"8/21/2015",830,185,"Small Market","West",40,"Leaves","Herbal Tea","Mint",181,332,"Nevada",120,170,120,290,63,"Decaf",5.2040066870768,13.4536240470737,12.5222534031402,10.5313663395816
775,247,169,"8/22/2015",1744,329,"Small Market","West",81,"Leaves","Tea","Darjeeling",319,614,"Nevada",180,240,150,420,114,"Regular",5.76832099579377,17.8605710994918,15.4605250581787,12.6993831773355
775,250,133,"8/23/2015",1820,251,"Small Market","West",70,"Leaves","Tea","Earl Grey",233,534,"Nevada",180,180,100,360,94,"Regular",5.4553211153577,15.2643375224737,13.770187523854,11.4599401063881
971,88,48,"8/24/2015",817,133,"Small Market","West",29,"Leaves","Tea","Earl Grey",108,236,"Oregon",60,100,60,160,60,"Regular",4.69134788222914,10.3923048454133,10.2468574715245,8.80565297672304
775,294,-285,"8/25/2015",8252,-294,"Small Market","West",111,"Leaves","Tea","Green Tea",1e-05,33,"Nevada",210,-210,-320,0,145,"Regular",9.99995000039884e-06,0.00316227766016838,-3.22792407799438,9.99996225988376e-06
503,134,80,"8/26/2015",690,186,"Small Market","West",41,"Leaves","Tea","Green Tea",180,341,"Oregon",90,140,100,230,65,"Regular",5.19849703126583,13.4164078649987,12.4959224477935,10.5116429841356
435,20,-22,"8/27/2015",218,25,"Small Market","West",7,"Leaves","Tea","Green Tea",1e-05,48,"Utah",10,20,0,30,40,"Regular",9.99995000039884e-06,0.00316227766016838,-3.22792407799438,9.99996225988376e-06
